2356 3260
338 218 450 270 244
544 213 984 255 DESCRIPTIO
1026 212 1350 254 ANATOM.
1401 215 1608 253 OCVLI
1650 215 1946 255 HVMANI

341 343 497 416 ginae
542 340 696 397 nerui
729 337 1035 413 procurrit,
1083 338 1297 394 ramulis
1338 338 1394 393 in
1429 339 1569 394 illam
1615 338 1862 413 vaginam
1901 334 2120 403 ernisffi,

345 436 449 489 qua
478 417 696 471 demum
731 414 1001 489 perforata
1030 413 1093 472 ad
1128 413 1282 482 digiti
1318 416 1540 470 minoris
1575 412 1852 470 transversi
1888 413 2123 487 longitn-

343 493 527 547 dinem
556 491 610 545 in
635 488 911 563 superficie
935 489 1088 543 nerui
1124 489 1384 553 decurrit,
1426 509 1522 563 per
1554 491 1798 562 vaginam
1823 488 1963 543 illam
2002 506 2122 544 cera

343 567 547 640 repleta
580 565 886 641 pellucens‚
926 563 1017 618 vbi
1058 563 1212 620 multi
1237 563 1430 620 surculi
1461 584 1524 620 ex
1556 565 1643 619 illa
1675 563 1989 627 nascuntur,
2036 582 2124 617 ex-

345 656 553 715 ternam
587 646 742 696 nerui
769 639 959 696 faciem
991 640 1316 712 pingentem
1369 638 1551 694 senfim
1583 656 1755 694 autem
1793 657 1968 713 prope
2008 637 2124 693 bul-

343 714 475 772 bum
511 723 563 772 in
599 714 929 771 substantiam
970 716 1120 769 nerui
1150 712 1199 771 se
1230 716 1526 788 demergit,
1581 717 1629 768 8<
1663 715 1716 769 in
1759 716 1868 770 eius
1916 730 2124 777 centro,

342 792 624 847 arteriolae
667 809 852 845 comes
878 833 890 853 ‚
930 791 1208 863 procurrit
1231 833 1244 855 ,
1290 791 1377 845 cui
1416 791 1594 845 iuneh
1631 790 1882 845 laminam
1918 788 2124 844 cribro-

341 864 450 922 sam
482 865 726 941 perforat
746 908 758 929 ,
801 866 849 920 ὃς
875 865 928 919 in
959 865 1170 937 origine
1204 865 1406 922 retinae
1439 865 1491 920 in
1529 865 1729 920 multos
1767 863 2022 920 diuiditur
2047 880 2126 918 ra-

344 943 552 1007 mu103‚
587 946 680 1016 qui
725 938 854 996 socii
883 942 1247 1014 propaginum
1277 941 1647 996 arterioiarum
1683 940 1738 995 in
1772 939 2017 995 interiori
2052 935 2126 993 fa-

346 1017 427 1073 cie
449 1022 648 1073 resinae
671 1017 1018 1072 decurrentes
1046 1018 1098 1070 in
1130 1034 1352 1071 omnem
1386 1017 1670 1079 ambitum,
1713 1017 1778 1071 ad
1801 1014 2126 1070 anteriorem

345 1111 517 1166 vsque
547 1099 747 1147 retinae
778 1090 970 1156 finem,
1013 1089 1404 1164 disperguntur.
1484 1090 1697 1146 Ramuli
1730 1091 1784 1146 hi
1818 1087 1996 1145 venosi
2026 1105 2128 1162 per

343 1169 572 1223 retinam
605 1165 841 1239 disperii,
883 1168 1164 1239 pauciores
1197 1167 1415 1239 quidem
1462 1163 1549 1222 sed
1581 1166 1868 1239 ampliores
1905 1164 2126 1219 asterio-

342 1242 406 1297 lis
445 1243 577 1297 mihi
610 1240 705 1296 vifi
737 1239 855 1296 sunt
880 1282 895 1306 ,
936 1242 1086 1314 quod
1126 1241 1373 1313 inprimis
1417 1242 1471 1296 in
1506 1240 1742 1305 infante,
1783 1241 1876 1296 vbi
1912 1259 2031 1294 cera
2072 1257 2126 1293 e-

342 1332 465 1373 rant
506 1316 719 1391 repleti,
768 1316 982 1390 egregie
1019 1315 1287 1391 apparuit,
1330 1319 1380 1371 ὃς
1409 1317 1473 1373 ad
1513 1316 1843 1372 credendam
1887 1313 2000 1370 fere
2036 1312 2128 1368 ad-

343 1391 547 1456 ducor,
585 1390 793 1448 vascula
826 1389 1077 1463 sanguine
1108 1391 1286 1465 plena,
1329 1391 1384 1446 in
1418 1392 1581 1448 retina
1609 1392 1840 1447 hnmana
1875 1393 1922 1445 8<
1952 1389 2125 1443 aliis&

342 1467 476 1521 mihi
515 1465 937 1541 frequentissime
971 1464 1108 1531 visa,
1149 1465 1293 1522 forte
1330 1466 1512 1540 potius
1545 1467 1874 1541 propagines
1903 1460 2125 1521 venosas

342 1559 504 1615 quam
533 1539 807 1598 arteriosas
828 1537 994 1595 fuiss'e.

1963 2930 2113 2998 CA-
