2356 3260
238 300 241 302 -
309 243 408 300 ÷94
523 213 947 283 naseam-rio
985 237 1318 280 ANATOM.
1362 232 1583 283 ocvm
1622 237 1913 283 HVMAm

330 361 643 420 obseruaffe.
720 365 778 418 ln
803 363 913 419 fetu
949 359 1057 435 ipsa
1085 360 1291 419 vascula
1321 362 1470 418 iridis
1513 361 1647 416 vltra
1679 379 1832 417 oram
1867 363 2105 437 pupillae

331 439 596 511 producia
614 454 728 495 rete
751 437 954 493 faciunt
979 444 1034 492 in
1057 438 1423 492 membranula
1449 437 1517 491 {ic
1541 437 1677 490 dicta
1699 435 1952 511 pupillari,
1965 455 2099 511 quae

333 513 400 567 ad
428 511 711 583 septimum
748 531 915 584 vsque
947 510 1184 566 mensem
1218 510 1479 584 pupillam
1513 511 1712 564 claudit
1733 553 1745 574 ‚
1787 511 1936 565 cuius
1971 511 2098 565 vbe-

331 592 539 640 riorem
562 586 984 658 descriptionem
1008 585 1078 642 lll.
1102 604 1192 641 HA
1208 604 1241 639 L
1256 604 1332 640 LE
1352 605 1385 640 R
1401 603 1470 639 vs
1494 591 1725 656 repetito
1747 585 1908 639 dedit.
1990 582 2102 657 Ipse

333 676 514 714 autem
543 665 597 716 in
631 662 796 715 oculo
830 660 1044 714 infantis
1070 675 1191 714 ante
1221 659 1525 730 legitimum
1553 675 1766 732 tempus
1795 658 1927 720 nati,
1950 675 2101 712 cuius

333 732 542 790 vascula
571 740 792 791 materia
811 752 1029 788 cei-acea
1065 753 1179 788 non
1202 749 1355 787 erant
1386 732 1584 805 repleta
1608 774 1621 795 ,
1663 732 1944 806 postquam
1980 750 2109 786 cor·

333 826 432 864 nea
453 810 501 861 &
528 828 647 882 pars
679 809 945 882 posterior
979 807 1127 862 bulbi
1159 806 1350 871 ablata,
1393 810 1447 862 ὃς
1488 806 1637 860 limul
1669 807 1779 861 lens
1810 805 2107 879 crystallina

334 880 544 954 capsula
573 881 768 938 inclusa
796 901 922 937 cum
948 881 1180 936 humore
1201 886 1380 935 vitreo
1418 878 1658 952 deposita
1691 879 1887 944 fuerat,
1924 880 2105 935 certis-

335 958 467 1012 sime
491 956 771 1013 obseruaui
791 954 1223 1011 membranulam
1243 973 1307 1009 ex
1330 973 1424 1009 ora
1448 954 1691 1008 interiori
1713 954 1855 1009 iridis
1880 971 2103 1017 enatam,

338 1034 702 1094 tenerrimam,
734 1031 992 1102 omnique
1016 1043 1203 1085 'aranea
1222 1030 1323 1083 tela
1350 1026 1773 1092 subtiliorem‚ex
1796 1028 2106 1083 renuiss'mfis

337 1103 441 1161 filis
461 1106 516 1160 in
536 1124 675 1179 opus
695 1108 804 1160 fere
832 1104 1166 1158 reticulatum
1193 1102 1506 1167 conflatam,
1544 1121 1704 1175 quam
1739 1103 1792 1155 in
1826 1120 1957 1173 aqua
1989 1101 2106 1154 flui-

338 1174 543 1237 tantem
562 1223 574 1245 ‚
617 1183 670 1235 &
694 1184 927 1234 omnino
959 1176 1183 1233 vasculis
1206 1175 1507 1248 conspicuis
1527 1177 1700 1231 rubris
1724 1176 2106 1230 destitutamab

340 1255 475 1309 iride
495 1252 752 1316 craffiori‚
793 1252 996 1306 rubella
1022 1254 1070 1305 &
1100 1249 1380 1322 sanguinea
1410 1249 1657 1304 facillime
1687 1249 2008 1320 distinguere
2051 1250 2109 1302 li-

341 1330 474 1384 cuit,
543 1327 849 1393 ,Annulum
895 1323 1093 1378 referre
1138 1324 1417 1377 videbatur
1463 1325 1583 1377 iridi
1615 1326 1938 1378 continuum
1961 1364 1975 1387 ‚
2017 1321 2111 1393 qui

340 1403 575 1459 maxima
596 1419 659 1455 ex
689 1415 841 1473 parte
861 1398 1124 1472 pupillam
1158 1396 1383 1451 occlusit
1427 1403 1546 1468 (m).

356 1562 363 1569 ·“
441 1548 833 1623 Propaginibus
854 1544 951 1599 illis
971 1540 1232 1612 arteriofis
1247 1539 1527 1595 intermisti
1543 1537 1662 1594 sunt
1675 1539 1892 1611 plurimi
1917 1535 2111 1593 surculi

340 1626 552 1688 venosi,
569 1623 796 1679 maxima
820 1638 886 1675 ex
913 1634 1063 1691 parte
1086 1617 1193 1671 nati
1215 1634 1242 1669 a
1265 1616 1396 1669 vafis
1417 1614 1488 1668 fic
1509 1614 1659 1668 dietis
1684 1612 2114 1684 v01·ticofiS‚qui-

340 1701 442 1756 bus
466 1701 685 1754 demum
719 1695 984 1749 accedunt
1018 1691 1174 1746 multi
1193 1689 1407 1750 ramuli,
1446 1687 1552 1740 orti
1591 1687 1654 1739 ab
1686 1687 1891 1740 venulis
1923 1685 2115 1738 ciliari-

342 1775 444 1830 bus
465 1770 850 1832 anterioribu5‚
886 1769 935 1821 &
956 1766 1162 1820 venulis
1189 1763 1389 1833 longi5‚
1429 1779 1565 1830 quae
1582 1758 1870 1813 simillimae
1892 1759 2122 1813 arserio--

345 1850 408 1904 lis
430 1847 692 1902 ciliaribus
722 1843 920 1916 longis,
962 1837 1296 1894 scleroticam
1319 1834 1578 1907 posterius
1598 1833 1903 1906 perforant,
1944 1835 1993 1887 &
2019 1830 2114 1886 sub

348 1919 691 1978 cellulositate
717 1915 943 1972 orbiculi
969 1913 1156 1968 ciliaris
1181 1911 1233 1963 in
1257 1910 1394 1962 duos
1419 1925 1595 1961 ramos
1629 1910 1694 1961 ad
1730 1907 1982 1979 angulum
2017 1906 2117 1961 ob-

347 1995 669 2052 tufiffimum
694 1989 1066 2045 diuaricantur.
1148 1985 1201 2038 A
1238 1982 1457 2056 diuerpfis
1489 1980 1588 2034 illis
1623 1980 1862 2035 fontibus
1896 1981 2115 2054 plurimi

348 2068 543 2125 surculi
566 2067 755 2120 iridem
780 2064 976 2118 adeunt
992 2103 1004 2122 ‚
1035 2076 1170 2131 quos
1199 2057 1262 2109 ad
1285 2052 1445 2126 ipsam
1470 2072 1639 2126 vsque
1660 2054 1915 2127 pupillam
1935 2053 2117 2127 prose-

351 2145 444 2216 qui
468 2141 634 2196 licuit.
710 2135 989 2192 Maiulculi
1024 2134 1169 2195 sunt,
1204 2130 1378 2184 multo
1398 2145 1577 2182 tamen
1600 2131 1910 2201 pauciores,
1954 2146 2116 2201 quam

348 2216 545 2274 surculi
567 2212 827 2274 arterioli,
869 2227 1006 2282 quos
1032 2224 1209 2278 neque
1238 2204 1301 2258 ad
1325 2202 1583 2256 ambitum
1616 2221 1922 2256 connexum
1955 2203 2118 2267 iridis,

352 2308 528 2363 neque
559 2289 624 2343 ad
659 2305 809 2343 oram
854 2283 1087 2359 pupillae
1128 2280 1183 2335 in
1223 2276 1486 2334 circulum
1519 2277 1696 2349 iungi,
1736 2274 1992 2333 affirmare
2031 2294 2120 2331 au-

344 2363 446 2427 slm
487 2366 602 2435 (n).

2011 2468 2123 2526 Etfi

420 2661 507 2719 (m)
540 2654 802 2703 Vberiorem
820 2652 1095 2698 membranae
1126 2666 1210 2711 pu-
1277 2654 1318 2695 ὃ(
1340 2648 1545 2710 Destript.
1562 2661 1696 2695 arter.
1721 2649 1828 2694 oculi
1838 2663 1879 2715 p.
1896 2665 1973 2711 47.
1988 2652 2118 2699 Conf.

359 2728 520 2788 pillaris
545 2723 762 2769 historiam
787 2722 889 2766 vide
916 2722 968 2764 ab
992 2720 1051 2764 lll.
1078 2736 1108 2763 H
1126 2737 1148 2763 A
1162 2734 1210 2764 L·
1279 2732 1463 2777 quoque
1488 2714 1621 2774 figura
1641 2733 1678 2760 w
1692 2732 1719 2761 A
1733 2731 1758 2760 c
1772 2732 1800 2760 H
1815 2732 1839 2760 Ε
1853 2733 1885 2762 N
1902 2735 1928 2762 o
1943 2734 1970 2762 o
1984 2734 2008 2763 n
2021 2735 2043 2763 F
2058 2736 2071 2763 1
2088 2735 2118 2773 1,

362 2808 463 2837 LER
479 2809 506 2836 ο
543 2789 832 2847 consignatam
869 2790 910 2831 in
947 2790 1041 2833 Act.
1070 2785 1208 2850 Vpfizl.
1280 2799 1391 2844 quae
1417 2794 1537 2828 extat
1559 2783 1600 2825 in
1623 2786 1838 2828 Commerc.
1860 2788 1961 2831 Nor.
1988 2800 2120 2846 ¹740·

370 2872 513 2916 ¹742·
551 2855 692 2919 Opusc.
716 2866 835 2899 anat.
849 2867 896 2917 p.
928 2867 1032 2905 150.
1054 2856 1092 2895 ὃ(
1118 2855 1211 2896 ico·
1277 2850 1400 2896 hebd.
1434 2860 1505 2896 18.
1538 2851 1586 2892 T.
1605 2851 1688 2910 ¹·f·
1717 2858 1812 2910 7.8.

365 2938 466 2969 nem
496 2924 557 2966 ibi
585 2923 824 2968 adiunctam
849 2918 951 2966 Talr.
975 2920 1028 2963 X.
1037 2919 1080 2982 f
1109 2932 1208 2976 3.4.
1345 2916 1424 2976 (n)
1463 2915 1562 2964 vid.
1592 2913 1693 2962 Tala.
1722 2915 1845 2973 nostr.
1858 2915 1929 2960 111.
1928 2915 1975 2977 f
2004 2929 2044 2961 2.
