2356 3260
632 195 774 238 cAP.
808 196 882 234 xx.
923 195 1012 236 DE
1056 191 1317 235 NEvas
1357 176 1581 231 ocvm'.
1881 192 1990 245 209

210 338 296 382 tus
320 365 333 388 ‚
373 319 465 378 sub
492 339 665 378 neruo
691 322 877 394 optico
905 316 1195 374 introrsum
1219 318 1441 390 migrat,
1466 317 1532 371 ad
1555 315 1687 371 latus
1712 325 1888 368 autem
1908 312 1987 368 in·-

213 413 432 456 ternum
458 397 612 452 nerui
642 396 810 470 optici
829 396 1026 450 iterum
1053 395 1107 448 in
1135 390 1486 465 conspectum
1511 390 1688 454 venit,
1729 387 1821 443 vbi
1841 387 1895 442 in
1917 386 1988 445 la.-

213 489 329 530 tere
351 478 461 528 eius
485 472 750 546 superiori
775 471 824 525 &
848 469 1090 525 interiori
1115 469 1432 541 plerumque
1450 485 1575 522 cum
1595 463 1825 520 neruulo
1848 461 1988 518 cilia-

213 550 263 606 ri
285 567 348 603 ex
366 567 517 604 ramo
539 545 692 602 nasali
716 545 948 602 oriundo
973 543 1338 616 coniungitur.
1416 541 1691 597 Interdum
1719 553 1899 594 tamen
1925 537 1990 593 il-

212 624 263 679 le
287 623 538 679 neruulus
563 621 715 687 solus,
729 639 828 676 nec
853 619 943 674 vlli
962 619 1187 681 iunctus,
1204 636 1231 671 a
1252 618 1411 673 latere
1432 617 1647 671 interno
1672 613 1826 671 nerui
1846 612 1989 686 opti==

216 698 267 753 ci
290 699 354 752 ad
369 696 699 752 [cleroticam
716 709 982 770 properat,
996 696 1045 749 8<
1059 710 1191 749 tunc
1214 692 1350 747 illius
1367 693 1544 746 vicem
1560 687 1769 763 supplet
1804 686 1986 743 surcu-

213 773 294 828 lus
319 773 549 845 quidam,
566 784 726 846 quem
744 790 806 825 ex
820 770 1008 825 ordine
1028 769 1239 824 tertium
1263 763 1365 822 esse
1381 766 1507 830 vidi,
1524 763 1757 820 fasciculi
1769 760 1988 818 inferio*

214 848 287 903 ris
304 847 424 920 ‚qui
446 847 501 902 in
524 846 774 902 exteriori
796 845 946 900 nerui
973 843 1145 918 optici
1166 843 1329 898 latere
1348 839 1481 896 infra
1502 837 1808 896 fasciculum
1834 834 1989 910 supe-

212 922 415 978 tior-em
435 924 630 985 transit,
645 924 694 976 ὃς
717 919 945 976 neruulo
973 919 1136 974 ciliari
1162 937 1226 973 ex
1243 914 1397 972 nasali
1421 915 1657 971 oriundo
1678 913 1936 986 iungitur..

364 997 581 1053 Praeter
605 996 858 1052 neruulos
885 995 1026 1049 euim
1051 1013 1114 1049 ex
1135 992 1352 1065 ganglio
1375 989 1707 1064 opthalmico
1728 988 1988 1044 oriundos

213 1067 545 1129 scleroticam
567 1072 789 1134 adeunt,
804 1089 939 1125 vnus
961 1072 1016 1125 8<
1041 1068 1310 1124 interdum
1336 1067 1445 1121 duo
1471 1063 1680 1128 surculi,
1695 1065 1803 1119 nati
1817 1082 1886 1119 ex
1910 1080 1991 1117 ra-

217 1164 316 1200 mo
341 1143 492 1201 nasali
514 1151 647 1202 rami
674 1145 1010 1219 opthalmici‚
1043 1143 1134 1198 vbi
1158 1142 1244 1197 ille
1267 1141 1488 1214 oblique
1509 1138 1666 1214 super
1685 1156 1912 1194 nervum
1935 1155 1995 1192 o·-

217 1222 426 1295 pticum
450 1225 706 1276 interiora
728 1217 904 1274 versus
926 1217 1220 1290 tranfit‚qui
1235 1216 1289 1270 in
1314 1221 1466 1270 omni
1484 1214 1678 1269 itinere
1700 1210 1992 1267 arfflffimo

220 1314 363 1352 nexu
384 1295 672 1351 adhaerent
686 1295 741 1348 in
762 1293 922 1349 dorso
944 1294 1096 1347 nerui
1119 1290 1306 1364 optici‚
1326 1290 1468 1345 recta
1493 1284 1794 1344 antrorsum
1819 1285 1993 1352 delati,

220 1388 457 1444 quorum
480 1371 636 1435 alter,
682 1368 716 1423 si
738 1371 849 1426 duo
870 1369 1063 1430 adsint,
1096 1367 1246 1439 isque
1268 1365 1494 1420 interior
1523 1380 1651 1418 cum
1679 1361 1844 1417 ciliari
1876 1358 1993 1419 infi-

218 1463 314 1499 mo
339 1464 508 1501 neruo
538 1443 735 1517 ganglii
759 1444 826 1496 in·
843 1444 1004 1496 latere
1026 1442 1241 1513 interno
1256 1482 1269 1504 ,
1305 1455 1397 1495 aut
1418 1438 1651 1494 exterior
1668 1456 1794 1494 curn
1812 1433 1995 1492 surcu÷²

217 1518 274 1573 lo
305 1518 523 1592 oblique
548 1516 894 1572 adscendente
916 1513 1146 1571 fasciculi
1170 1513 1442 1570 interioris
1470 1513 1524 1566 in
1551 1513 1711 1568 latere
1735 1509 1995 1585 superiori

220 1599 381 1648 nerui
424 1598 598 1664 optici
632 1590 1146 1661 coniungitur,alter
1166 1604 1345 1644 autem
1379 1584 1632 1642 indiuisus
1673 1587 1738 1641 ad
1771 1585 1996 1643 oculum

220 1668 511 1739 procurrit.
591 1665 647 1719 Si
669 1682 805 1719 Vnus
833 1664 1003 1717 modo
1027 1662 1180 1726 adlit,
1219 1664 1273 1717 in
1296 1659 1459 1717 dorso
1493 1666 1646 1716 nerui
1680 1661 1851 1734 optici
1885 1660 1996 1732 ple*¹

223 1759 453 1814 rumque
477 1758 602 1795 cum
624 1734 851 1793 fasciculi
877 1735 1140 1793 inferioris
1162 1734 1376 1793 surculo
1399 1733 1592 1790 infimo
1619 1736 1680 1789 ad
1704 1735 1837 1790 latus
1861 1735 1996 1790 inte«

223 1817 331 1875 rius
353 1816 507 1873 nerui
522 1811 874 1870 adscendente
897 1810 1212 1867 anastomofi
1234 1810 1368 1866 facia
1393 1810 1865 1882 coniungiturflv).
1889 1809 1999 1869 PE-

222 1909 418 1950 'rirvs
440 1893 538 1964 (q)
578 1887 817 1945 surculos
837 1886 1100 1960 quosdam
1139 1905 1169 1942 a
1207 1884 1354 1942 sexto
1387 1886 1502 1959 pari
1538 1884 1773 1940 neruulis
1805 1884 1997 1940 ciliari-

1899 1958 2001 2016 bus

294 2094 376 2157 (p)
432 2095 607 2137 Praeter
662 2105 685 2135 E
700 2104 804 2135 vs‘r
819 2104 842 2134 A
861 2104 885 2134 c
900 2104 930 2133 11
949 2103 1076 2141 ivm,
1145 2103 1237 2134 cam
1261 2098 1542 2147 percurrant,
1564 2098 1678 2147 quae
1700 2085 1880 2145 quidem
1897 2099 1999 2131 ver-

227 2161 307 2219 qui
348 2163 396 2205 T.
445 2160 603 2216 XVssl.
637 2160 681 2221 f.
726 2173 764 2202 1.
799 2157 986 2202 ciliarem
1020 2171 1076 2201 ex

230 2242 352 2272 ramo
377 2226 502 2270 nasali
527 2239 673 2270 ortum
699 2225 756 2268 ita
790 2224 997 2277 exhibet,
1028 2236 1076 2267 vt

231 2294 415 2340 neruulo
439 2293 576 2337 modo
598 2293 713 2337 diuo
745 2291 920 2346 melius,
944 2305 1075 2351 quam

231 2362 366 2409 radici
401 2360 588 2420 longiori
634 2359 898 2418 respondere
930 2360 1077 2402 videa-

231 2442 324 2480 tur,
362 2442 691 2473 FALLova
733 2441 851 2471 certe
891 2425 1077 2470 surculos

231 2497 329 2539 illos
365 2495 506 2539 nasalis
541 2492 689 2538 vidisse
716 2491 806 2538 fere
838 2493 944 2537 mihi
976 2506 1078 2552 per-

235 2562 418 2613 suadeo,
457 2563 532 2621 qui
564 2561 719 2611 docet,
749 2571 793 2615 p.
833 2574 937 2616 734.
966 2574 1078 2604 ana·

235 2629 304 2673 sali
331 2661 342 2681 ‚
388 2644 484 2673 cum
519 2643 600 2688 per
641 2627 924 2672 transuersum
966 2628 1080 2671 inter

236 2696 448 2740 musculos
472 2693 682 2746 declinat,
717 2694 883 2755 aliquot
917 2694 1079 2739 tenuis·

236 2761 335 2807 fima
360 2761 573 2807 filamenta
605 2761 857 2807 disseminari
886 2777 965 2821 per
988 2767 1087 2820 pin-

238 2831 473 2892 guediuem
489 2862 500 2884 ,
538 2844 728 2889 quorum
749 2830 960 2889 quaedam
986 2829 1085 2872 iux·

239 2909 283 2946 ta
306 2912 489 2944 neruum
524 2896 724 2960 opticutn
751 2897 809 2942 ,ad
833 2897 949 2944 oculi
974 2895 1086 2942 tuni-

1145 2156 1195 2200 ba
1226 2156 1302 2200 vix
1324 2155 1454 2200 radici
1488 2153 1679 2213 longiori
1712 2152 1996 2198 conueniunt„

1143 2223 1230 2268 Sed
1275 2223 1404 2266 etiam
1445 2234 1846 2266 vmvssmwvm
1892 2233 1998 2264 eun-

1144 2290 1245 2335 dem
1267 2289 1416 2334 vidisse
1443 2288 1703 2333 crediderim
1719 2319 1731 2339 ,
1757 2285 1830 2331 vbi
1846 2298 1895 2349 p.
1918 2301 1998 2343 171.

1145 2358 1285 2411 dicit,
1322 2355 1502 2401 nasalem
1536 2356 1638 2400 dare
1667 2355 1812 2414 pritno
1853 2352 2000 2399 surcu-

1146 2425 1260 2479 lum,
1302 2424 1378 2483 qui
1409 2422 1696 2482 supergressus
1728 2436 1914 2467 neruum
1947 2436 1998 2465 0-

1146 2492 1340 2551 pticum,
1377 2507 1401 2535 e
1431 2490 1613 2549 regione
1649 2488 1793 2534 canthi
1822 2488 2000 2532 maioris

1146 2557 1263 2604 oculi
1286 2557 1556 2603 scleroticam
1574 2556 1734 2608 subeat,
1749 2553 1846 2614 post
1861 2569 1998 2614 quem

1147 2626 1376 2671 neruulum
1392 2623 1747 2677 illum7interdum
1762 2621 1998 2681 duplicem,

1147 2694 1236 2738 aliis
1270 2693 1509 2754 negleeium
1552 2689 1737 2736 restituit
1772 2689 1867 2736 Cel.
1909 2701 2006 2736 ME?

1147 2775 1393 2812 vcnumvs
1425 2759 1470 2818 ᾗ.
1493 2772 1574 2818 49.
1600 2771 1677 2811 51.

1205 2896 1321 3009 ὁρᾶ)ι
1344 2895 1475 2941 Mem.
1495 2888 1634 2940 Acad.
1662 2862 1728 2942 Sc.
1751 2907 1828 2950 ¹72
1838 2895 1878 2952 γέ
