2356 3260
270 291 338 343 16
472 304 905 343 Dsssekrrrio
948 301 1291 345 ANATOM.
1321 305 1529 345 ocvti
1573 304 1863 348 HVMANr

275 438 333 481 vt
354 426 496 481 nulla
517 428 611 483 alia
635 430 697 483 fit
721 428 1000 502 albugines
1033 430 1099 485 ab
1140 430 1458 504 expansione
1484 432 1733 488 tendinea
1761 446 1907 496 nata,
1947 448 2053 488 nec

246 527 248 529 >
277 501 372 565 eli,
402 520 497 557 cur
520 501 628 577 ipse
657 503 899 559 dubitem
927 505 1062 560 illius
1085 503 1395 561 sententiam
1419 507 1684 580 ampleffl.
1752 507 1942 563 Mirari
1963 527 2052 562 au-

275 591 387 631 tem
408 579 680 634 interdum
705 577 883 643 subiit,
909 600 1005 634 cur
1028 581 1113 636 alii
1135 586 1427 636 candorem
1456 582 1605 636 illum
1632 582 1940 638 scleroticae
1966 584 2054 638 de-

274 670 470 724 negare
505 654 802 719 voiuerint,
863 674 1018 728 quae,
1047 655 1296 711 cellnlosa
1324 657 1547 711 oculum
1579 659 1850 714 ambiente
1869 657 2054 724 ablata,

273 728 473 800 vbique
497 728 865 785 candidissimo
891 733 939 785 8<
967 729 1246 805 splendido
1269 732 1364 786 illo
1393 733 1583 787 colore
1608 750 1795 789 ornata
1815 748 2054 807 apparet,

275 801 325 856 &
377 820 471 875 per
519 806 919 860 coniunffiuam
979 804 1338 861 tenuissimam
1395 807 1605 880 optime
1648 808 1738 863 hic
1800 809 2052 880 pellucet.

275 878 503 934 Vascula
532 896 736 944 autem,
778 900 914 954 quae
947 882 1001 935 in
1025 881 1147 936 albo
1183 882 1329 937 oculi
1367 881 1437 937 fic
1468 883 1613 938 dieto
1652 880 1934 956 saepiffime
1976 884 2055 937 lu-

275 952 444 1017 dunt,
483 958 531 1009 8<
557 956 832 1028 paululum
855 954 1179 1012 inflammata
1212 958 1444 1012 multum
1483 959 1550 1013 de
1583 958 1668 1013 illa
1697 957 2055 1032 pulchritudi-

278 1045 347 1083 ne
387 1028 708 1095 detrahunt,
760 1051 863 1105 qua
904 1033 1050 1087 oculi
1095 1031 1357 1097 sanissimi,
1391 1033 1446 1087 in
1472 1033 1666 1107 quibus
1704 1034 1793 1089 iris
1822 1035 2054 1090 versico-

276 1102 359 1156 lor
381 1103 654 1176 puriffimo
689 1111 926 1162 candore
955 1108 1187 1180 cingitur
1212 1149 1228 1173 ,
1270 1108 1525 1164 omnibus
1559 1106 1610 1163 se
1650 1109 2056 1171 commendant,

279 1197 394 1232 non
419 1182 602 1236 omnia
625 1183 688 1237 ad
715 1182 1221 1247 coniunffluam,vti
1243 1183 1412 1256 vulgo
1447 1184 1667 1258 quidem
1684 1185 1937 1246 traditur,
1980 1197 2057 1238 at-

277 1254 476 1320 tinent,
516 1253 631 1321 sed,
668 1256 894 1329 duplicis
942 1258 1015 1312 ibi
1047 1255 1166 1313 sunt
1190 1260 1424 1330 generiS,
1464 1260 1614 1333 quod
1645 1259 1894 1331 inprimis
1923 1259 1977 1311 in
2005 1276 2057 1312 a-

278 1347 382 1401 qua
408 1330 684 1387 submersis
712 1347 801 1386 aut
828 1330 930 1385 alio
963 1333 1136 1387 modo
1168 1330 1460 1396 suffocatiS,
1487 1334 1814 1406 experientia
1847 1331 2056 1404 optime

279 1421 368 1457 me
413 1406 619 1460 docuit.
699 1403 930 1464 Vascula
967 1407 1110 1459 enim
1143 1405 1250 1478 ipsa
1285 1409 1660 1461 coniunctiuae
1695 1409 1749 1460 in
1785 1405 2055 1460 eiusmodi

278 1477 590 1535 hominibus
617 1482 849 1552 piurima
873 1480 1091 1552 quidem
1123 1481 1257 1545 vidi,
1300 1478 1387 1535 sed
1410 1481 1738 1557 tenuiffima,
1783 1482 1831 1535 8<
1863 1482 2056 1536 itinere

279 1554 534 1627 parallelo
561 1557 626 1610 ad
648 1573 903 1610 corneam
925 1555 1120 1620 delata,
1153 1557 1202 1610 ὃ(
1226 1556 1391 1610 rarius
1416 1556 1575 1611 ramis
1595 1557 1890 1612 lateralibus
1916 1556 2056 1610 inter

279 1630 331 1684 se
350 1631 553 1697 inusta,
598 1649 734 1705 quae
765 1649 871 1685 vna
902 1649 1027 1685 cum
1055 1630 1397 1686 coniunffiua
1419 1629 1632 1687 volsella
1657 1647 1868 1703 arrepta
1900 1630 2058 1686 attol-

279 1705 343 1769 li,
370 1707 646 1780 variasque
679 1707 734 1760 in
756 1720 930 1779 partes
954 1706 1166 1761 moueri
1193 1703 1425 1778 possunt.
1504 1706 1618 1762 Alia
1641 1723 1818 1762 autem
1836 1706 2058 1770 maiora,

281 1798 448 1853 eaque
485 1781 731 1856 inprimis
760 1778 1049 1854 conspicua
1085 1798 1233 1854 pone
1263 1781 1668 1836 coniunffluam
1708 1787 1765 1836 in
1795 1779 1902 1854 ipsa
1929 1778 2058 1835 scle-

281 1859 456 1910 rotica
487 1857 807 1919 decurrunt,
846 1853 1055 1910 vascula
1091 1872 1293 1925 nempe
1333 1855 1532 1908 ciliaria
1573 1856 1873 1920 anteriora,
1936 1871 2059 1911 tum

282 1929 529 1987 arteriosa
551 1947 669 1985 tum
699 1926 922 1993 venosa,
957 1927 1203 2002 plurimis
1232 1927 1460 1983 arcubus
1490 1948 1644 1983 more
1669 1928 1780 1985 fere
1803 1927 2067 1985 vasorum·

283 2006 757 2062 mesentericorum
789 2004 928 2059 inter
962 2001 1012 2059 se
1035 2004 1238 2066 iunfila,
1278 2021 1415 2076 quae
1460 2000 1793 2059 scleroticam
1829 2003 1903 2057 ibi
1936 2022 2059 2078 per-

282 2082 491 2147 forant,
528 2081 763 2153 &longe
786 2081 1058 2134 interdum
1082 2077 1247 2152 ipsam
1268 2079 1504 2134 radicem
1528 2098 1757 2136 corneae
1782 2079 1986 2151 legunt,
2004 2081 2058 2135 8<

283 2158 352 2212 ad
376 2157 713 2212 credendum
741 2152 851 2211 fere
879 2156 1144 2219 adducor,
1189 2172 1412 2208 omnem
1447 2152 1561 2210 fere
1584 2153 1942 2227 *opthalmiam
1977 2154 2059 2208 in-

284 2233 470 2306 primis
495 2233 798 2303 grauiorem
829 2248 942 2285 non
980 2231 1115 2285 adeo
1142 2226 1362 2285 vasculis
1394 2230 1798 2296 coniuiiffluae,
1837 2227 1925 2286 sed
1957 2247 2057 2303 po-

286 2308 391 2366 tius
412 2306 753 2364 inflammatis
776 2303 997 2363 vasculis
1020 2304 1330 2362 scleroticae
1352 2305 1548 2362 deberi.

1057 2437 1107 2511 ς.
1183 2438 1284 2495 ix.

637 2543 923 2606 Connexio
943 2535 1298 2625 fileroticae
1320 2560 1453 2605 cum
1480 2563 1708 2615 eornm,

338 2729 341 2732 .
439 2677 598 2747 Qiae
625 2692 805 2732 autem
827 2677 891 2732 ad
909 2674 1074 2750 ipsam
1095 2696 1263 2752 vsque
1279 2694 1509 2732 corneae
1527 2676 1796 2749 originem
1822 2687 2057 2731 attenua-

288 2749 440 2807 batur
465 2750 766 2816 sclerotica,
787 2751 1044 2823 adipsum
1065 2753 1322 2808 ambitum
1348 2753 1544 2807 iterum
1566 2751 1839 2826 paululum
1863 2750 2059 2803 incras-

293 2821 389 2880 sari
410 2826 540 2880 mihi
560 2824 665 2881 visa
689 2826 787 2892 est,
824 2826 919 2882 vbi
951 2827 1115 2884 fibrae
1146 2828 1285 2884 illius
1314 2828 1369 2882 in
1394 2845 1650 2882 corneam
1683 2826 1828 2882 abire
1867 2822 2060 2894 incipi-

290 2902 410 2954 unt.
485 2899 574 2954 Est
597 2919 776 2957 autem
802 2921 1001 2959 cornea
1026 2922 1145 2975 pars
1183 2901 1493 2960 scleroticae
1522 2902 1741 2975 quidem
1786 2897 2060 2981 continua,

297 2970 386 3030 sed
404 2980 570 3048 magis
594 2994 837 3035 connexa
863 2980 912 3034 ἃ
937 2978 1222 3052 pellucida.
1299 2980 1387 3036 De
1408 2978 1620 3050 origine
1647 2981 1699 3035 ὃς
1717 2989 2062 3033 connexione

1885 3063 2065 3107 autem
