2356 3260
453 211 469 241 :f
543 195 856 241 cAaJuu.
893 199 982 239 na
1032 199 1171 238 vus
1212 198 1756 243 LACRYMARVM.
1919 206 2021 258 257

242 324 355 383 salis
387 325 442 381 in
471 321 820 399 conspectum
854 323 1013 381 venit.
1092 323 1206 397 Ipse
1237 325 1381 381 enim
1422 325 1601 383 saccus
1642 325 1867 401 proprie
1889 345 2019 383 con=

241 401 422 457 ficitur
456 419 521 456 ex
559 400 868 456 membrana
897 397 1150 455 exteriori
1174 401 1353 465 tenui,
1391 421 1611 467 net-nea,
1654 402 1795 467 alba,
1838 403 1887 456 8<
1920 403 2019 458 alia

242 476 483 532 distincta
518 472 982 539 interiori,·rubra
1004 517 1018 538 ‚
1056 472 1323 531 vasculosa
1357 477 1606 551 pulposa,
1650 496 1777 533 vera
1817 495 2016 550 nempe

241 550 656 606 continuatione
690 548 1031 606 membranae
1080 550 1412 624 pituitariae‚
1466 554 1541 607 vti
1579 549 1752 626 ipsum
1795 570 2016 625 quoque

240 623 454 680 saccum
495 643 660 680 muco
703 621 854 680 nasali
888 625 1155 697 repletum
1183 625 1453 681 interdum
1492 627 1617 682 vidi.
1695 628 1926 692 Optime
1955 625 2016 680 fi-

238 718 374 773 gura
401 702 452 754 &
484 699 608 755 fitus
644 700 797 755 huius
835 695 968 756 sacci
1004 715 1261 773 apparet,
1301 699 1338 754 fi
1362 719 1479 756 cera
1513 720 1609 775 per
1644 695 1911 758 orificium
1934 701 2012 755 in-

239 771 407 831 ferius
442 775 678 847 repletus
705 772 887 841 fuerit,
923 792 1026 848 qua
1064 774 1515 831 administratione
1538 774 1656 832 Vsus
1687 775 1845 831 semel
1874 776 2014 850 opti-

239 867 333 904 me
362 849 552 903 miram
588 850 802 924 aliisque
832 850 1079 904 nondum
1133 850 1328 906 dissam
1362 850 1613 908 fabricam
1657 851 1744 908 hic
1782 850 1911 906 mihi
1935 850 2014 905 vi-

239 924 368 980 dere
400 924 646 998 contigit.
740 924 820 980 Ex
864 923 1039 982 hocce
1071 925 1216 980 enim
1248 922 1399 982 sacco
1420 969 1432 990 ,
1474 928 1524 981 &
1549 968 1562 992 ,
1605 927 1683 981 vti
1721 925 2012 989 videbatur,

238 1016 306 1054 ex
341 997 459 1073 ipso
498 1000 664 1054 ductu
702 1005 983 1055 communi
1029 1000 1480 1066 canaliculorum‚
1517 1001 1683 1057 multa
1721 999 2011 1074 prodibant

237 1071 475 1139 vascula,
517 1092 752 1147 quorum
787 1074 1045 1131 nonnulla
1079 1093 1192 1129 non
1231 1076 1366 1130 adeo
1412 1095 1579 1149 parua
1610 1075 1850 1141 fuerunt,
1890 1091 2012 1131 cera

235 1148 429 1206 itidem
464 1147 641 1219 plena,
691 1154 825 1224 quae
866 1168 964 1223 per
1004 1149 1342 1206 membranas
1382 1151 1582 1207 vicinas
1612 1151 1850 1207 ludentia
1894 1167 2011 1205 ver-

239 1222 324 1281 sus
370 1239 652 1297 Vtramque
690 1223 993 1299 palpebram
1037 1224 1430 1290 decurrebant,
1476 1226 1532 1280 in
1563 1226 1749 1282 itinere
1779 1227 1833 1280 in
1876 1243 2015 1278 non-

239 1299 420 1353 nullos
446 1298 684 1355 minores
716 1300 950 1355 ramulos
986 1297 1165 1355 diuisa.
1244 1299 1432 1354 Finem
1461 1315 1641 1357 tamen
1667 1316 1874 1357 certum
1902 1299 2017 1354 illo-

237 1390 362 1428 rum
394 1373 646 1446 detegere
676 1390 788 1430 non
818 1375 988 1448 potui.
1065 1373 1291 1431 Valcula
1332 1372 1626 1448 sanguifera
1658 1373 1854 1431 venosa
1894 1375 2011 1448 quis

238 1449 467 1513 dixerit,
513 1468 642 1503 cum
674 1451 729 1503 in
772 1465 895 1504 toto
944 1449 1116 1522 capite
1157 1448 1298 1504 solus
1335 1450 1524 1505 ductus
1565 1450 1861 1525 lacrymalis
1896 1468 2015 1505 cera

235 1522 471 1595 repletus
510 1521 700 1578 fuisset.
793 1524 1002 1578 Annon
1044 1522 1146 1578 effe
1181 1524 1433 1579 videntur
1469 1526 1608 1580 smus
1640 1531 1880 1581 minores
1902 1565 1917 1590 ,
1957 1524 2014 1579 in

238 1595 615 1668 palpebrarum
665 1594 856 1650 faciem
899 1599 1164 1648 internam
1205 1611 1476 1668 patentes,
1530 1598 1722 1670 quibus
1748 1641 1762 1663 ‚
1803 1615 2016 1670 praeter

237 1670 437 1745 puncta
475 1668 779 1742 lacrymalia
804 1709 817 1731 ,
868 1686 989 1741 pars
1032 1668 1389 1742 lacrymarum
1423 1668 1660 1746 resorpta
1703 1675 1757 1727 in
1795 1672 2009 1728 saccum

239 1742 554 1802 transcolari
575 1785 587 1807 ‚
628 1742 909 1798 &deferri
943 1742 1137 1817 potest.
1244 1743 1444 1810 Nostra
1478 1764 1603 1802 cum
1639 1746 2016 1804 obseruatione

239 1825 453 1893 optime
482 1817 742 1873 conuenit
774 1816 1161 1875 animaduersio
1200 1836 1448 1876 Gszu
1491 1822 1598 1894 (z)
1641 1822 1806 1895 quiin
1833 1822 2016 1887 oculo,

238 1894 333 1949 vbi
372 1892 701 1950 foraminum
741 1892 949 1947 nullum
998 1893 1280 1965 vestigium
1311 1895 1541 1951 inueniri
1594 1902 1804 1968 potuit,
1845 1912 2014 1953 atten-

240 1970 370 2025 tiori
426 1967 668 2023 examine
718 1967 1233 2027 circacarunculam
1281 1972 1333 2026 &
1368 1969 1460 2024 vbi
1501 1970 1812 2027 membrana
1847 1970 2011 2043 sedet,

242 2062 380 2119 quae
410 2040 666 2098 crescenti
695 2041 847 2099 lunae
885 2058 1251 2115 comparatur,
1293 2043 1459 2100 multa
1489 2044 1834 2101 minutiffima
1869 2047 2011 2103 fora-

241 2117 444 2175 minula
485 2119 725 2178 detexit3
778 2118 827 2172 8(
858 2116 1248 2190 εἰὶοςεμιοςυε
1279 2119 1444 2184 vidit,
1486 2137 1625 2192 quos
1666 2121 1720 2174 in
1760 2121 2010 2179 alterutra

242 2193 521 2269 palpebra,
557 2191 1060 2268 pun&o‘lacrymali
1094 2190 1313 2248 occlulo
1341 2235 1355 2259 ,
1397 2194 1572 2249 nullus
1617 2209 1800 2251 tamen
1838 2197 2008 2272 lacry-

241 2287 362 2324 mae
394 2265 573 2324 cursus
607 2263 890 2332 infestauit,
925 2282 992 2323 -vt
1026 2263 1136 2334 ipse
1168 2267 1293 2324 inde
1336 2269 1439 2325 iam
1481 2269 1858 2337 concluderet,
1905 2267 2007 2330 else

241 2342 513 2399 interdurn
544 2346 766 2412 ‚exiguas
790 2341 996 2417 :aliquas
1032 2340 1258 2408 fistulas,
1300 2348 1448 2399 circa
1479 2347 1819 2402 carunculam
1855 2366 2009 2421 aper-

242 2433 358 2483 taS‚
402 2435 537 2490 quae
577 2428 851 2488 exceptam
891 2418 1200 2490 lacrymam
1229 2418 1284 2479 in
1318 2415 1530 2475 saccum
1574 2417 1795 2478 nasalem
1837 2423 2006 2478 dedu-

243 2507 450 2549 cerent.
567 2487 866 2549 Occasione
897 2494 1016 2550 data
1052 2489 1253 2567 saepius
1284 2492 1421 2551 hanc
1451 2495 1507 2551 in
1539 2492 1795 2553 fabricam
1828 2498 2009 2572 inqui-

242 2584 376 2624 ram.

1774 2668 1777 2671 ’
1814 2673 1868 2745 §.
1890 2675 2016 2763 iv.

313 2823 405 2883 (z)
437 2818 554 2869 Libr.
582 2823 656 2866 cit.
669 2831 717 2886 p.
746 2829 844 2872 188.

1142 2918 1196 2977 K
1213 2922 1251 2978 k
