2356 3260
472 240 502 259 -·
549 225 691 265 CAP.
742 225 820 261 11.
862 221 948 260 DE
990 218 1266 259 TVNICA
1315 215 1731 256 CHORIOIDE.
1955 214 2020 268 29

240 353 404 425 quam
432 347 707 405 vinculum
735 343 866 400 illud
894 339 1028 398 solui
1052 341 1222 416 pollit.
1301 341 1359 396 In
1388 340 1611 396 eandem
1641 332 1943 392 cellulosam
1967 337 2025 389 in

194 493 202 497 χ
240 426 389 481 boue
414 443 588 481 STAE
605 441 692 478 HE
711 439 778 477 LI
796 439 833 476 N
852 437 922 472 vs
949 421 1036 492 (g)
1064 416 1446 491 pinguedinem
1472 413 1688 469 effusam
1712 411 1859 473 vidit,
1872 408 2024 482 quod

244 506 406 555 etiam
445 512 922 554 MORGAGNIVS
965 491 1067 566 (h)
1108 490 1383 546 nonnullis
1416 491 1470 544 in
1496 488 1731 562 pilcibus
1780 485 2023 541 obserua-

243 576 340 630 vit.
379 574 514 645 Qo
539 571 764 645 propius
789 583 970 624 autem
995 566 1304 622 chorioides
1339 565 1404 619 ad
1426 564 1694 637 originem
1722 561 1869 615 iridis
1896 577 2024 633 pro-

246 649 430 711 cedit‚.
457 666 523 702 eo
559 646 750 700 maiori
783 642 941 715 copia
976 639 1165 696 faciem
1202 642 1312 695 eius
1350 655 1624 695 externam
1658 632 1906 691 cellulosa
1937 633 2026 689 illa

247 722 499 784 obducit,
541 723 590 775 ἃ
612 722 831 776 demum
859 715 1064 790 semper
1086 716 1238 770 aucla
1262 713 1441 770 album
1466 713 1613 767 illum
1641 706 2026 782 circulum,qui

247 796 525 852 orbiculus
550 795 738 850 ciliaris
773 793 991 854 dicitur,
1015 788 1194 847 efficit.
1247 790 1374 845 Post
1401 804 1635 843 mortem
1658 791 1798 840 inter
1827 799 2029 838 Vtram-

247 889 354 943 que
385 870 623 925 tunicam
647 870 702 924 in
742 869 842 924 hac
878 863 1226 922 cellulofitate
1270 864 1543 936 colligitur
1576 862 1777 917 humor
1812 875 2027 932 aqueuS,

247 945 343 1019 qui
380 964 447 1000 eo
491 946 684 999 maiori
721 941 928 1017 semper
965 941 1383 1015 deprehenditur
1429 938 1589 1012 copia
1615 979 1629 1000 ,
1670 953 1783 1009 quo
1811 932 2030 1003 longius

246 1019 372 1094 post
397 1036 638 1074 mortem
663 1018 852 1074 oculus
875 1014 1081 1072 euulsus
1104 1018 1153 1069 &
1178 1012 1456 1070 sclerotica
1477 1027 1659 1085 aperta
1696 1008 1857 1065 fuerit
1874 1050 1888 1072 ‚
1939 1005 2031 1061 etfi

248 1095 306 1149 in
328 1094 551 1149 homine
584 1094 714 1148 viuo
751 1091 1090 1148 interstitium
1122 1090 1280 1153 illud,
1321 1089 1472 1162 quod
1509 1085 1640 1159 fingi
1682 1083 1859 1159 potest
1888 1083 2029 1136 inter

247 1169 486 1225 tunicam
519 1166 849 1223 scleroticam
871 1170 925 1222 &
951 1165 1524 1237 choroidem,plenum
1547 1160 1630 1224 fit,
1664 1176 1725 1215 vt
1750 1160 1884 1214 duae
1914 1157 2032 1212 illae

249 1245 463 1298 tunicae
487 1243 688 1314 vbique
726 1243 820 1298 fibi
846 1247 1134 1313 contiguae
1164 1241 1266 1295 sint
1296 1257 1312 1297 3
1361 1237 1513 1310 quod
1543 1235 1758 1308 quidem
1795 1233 1921 1287 huic
1952 1232 2032 1285 in-

251 1334 340 1373 ter
371 1332 654 1389 Vtramque
687 1317 921 1371 tunicam
947 1313 1114 1386 spatio
1137 1312 1455 1384 imaginario
1482 1326 1778 1365 commune
1803 1307 1876 1361 est
1903 1323 2031 1360 cum

250 1391 505 1446 omnibus
530 1393 640 1444 tere
663 1391 998 1449 cauitatibus,
1042 1389 1120 1440 vti
1158 1387 1410 1440 dicuntur
1436 1427 1450 1448 ,
1492 1383 1742 1455 corporis
1790 1379 2030 1445 humani,

252 1480 314 1520 vt
339 1464 651 1520 ventriculis
691 1464 924 1529 cerebri,
966 1459 1134 1536 spatio
1166 1459 1480 1532 imaginario
1514 1459 1655 1513 inter
1697 1456 1935 1531 pleuram
1980 1456 2032 1508 &

251 1539 600 1615 pulmonem,
627 1540 675 1592 ὃ(
702 1539 840 1593 inter
865 1538 1102 1593 tunicam
1129 1536 1428 1608 vaginalem
1456 1536 1505 1588 ὃ(
1530 1533 1864 1604 albugineam
1895 1529 2033 1585 testi*

250 1614 362 1669 culi
389 1618 440 1669 &
464 1614 599 1677 aliis,
640 1614 694 1667 in
724 1633 858 1686 quae
882 1611 1038 1686 spatia
1062 1612 1256 1666 eodem
1286 1611 1457 1664 modo
1479 1609 1532 1663 in
1567 1607 1791 1664 homine
1818 1606 1949 1659 Viuo
1981 1606 2032 1658 ὅ(

254 1686 382 1743 sano
407 1706 577 1761 vapor
600 1703 810 1742 tantum
847 1687 989 1741 halat
1019 1729 1033 1750 ,
1077 1703 1137 1741 vt
1169 1704 1360 1739 omnes
1394 1684 1511 1739 illae
1548 1698 1722 1756 partes
1756 1678 2032 1735 areliffime

252 1763 395 1817 inter
424 1759 474 1816 se
501 1778 828 1832 congruant,
866 1760 1017 1815 nullo
1037 1759 1321 1813 interuallo
1349 1777 1480 1812 vero
1520 1756 1915 1818 intercedente,
1939 1753 2033 1826 qui

259 1854 434 1909 vapor
463 1835 708 1890 naturalis
735 1850 825 1888 aut
856 1854 919 1889 ex
944 1833 1142 1888 morbo
1175 1833 1446 1887 interdum
1469 1847 1560 1887 aut
1585 1831 1704 1904 post
1728 1845 1961 1885 mortem
1977 1828 2034 1882 in

259 1929 448 1984 aquam.
482 1915 710 1981 cogitur.
743 1914 769 1978 ζ
790 1910 838 1978 ι’)
919 1906 1132 1982 Aquula
1155 1907 1239 1961 illa
1270 1908 1324 1961 in
1351 1908 1606 1961 cadauere
1637 1906 1690 1959 in
1722 1904 1851 1958 illud
1879 1901 2034 1976 spati-

251 2004 354 2040 um
381 1981 538 2039 effusa
564 1981 817 2056 imposuit
843 1983 972 2038 olim
1010 1999 1362 2045 RlOLANO,
1395 1982 1493 2054 (k)
1539 1981 1631 2054 qui
1663 1978 1747 2033 illa
1788 1976 2034 2033 obserua-

257 2066 410 2116 tione
430 2059 623 2114 duclus
645 2058 898 2113 humorem
927 2074 1138 2130 aqueum
1162 2075 1261 2111 non
1288 2065 1490 2111 tantum
1516 2055 1717 2111 humori
1741 2049 2033 2130 crystallino

258 2132 548 2198 obdztfbum,
579 2132 677 2208 sed
715 2132 789 2195 ξδ’
828 2132 1030 2188 humori
1059 2135 1233 2186 vitreo
1268 2134 1625 2202 circumfusum
1671 2132 1756 2199 effe
1795 2127 2033 2190 credidit,

261 2210 412 2287 quod
437 2209 524 2266 ille
547 2224 787 2265 accurate
814 2208 1018 2275 innuit,
1057 2206 1149 2262 vbi
1170 2206 1273 2261 alio
1297 2205 1425 2262 loco
1461 2205 1555 2280 (l)
1595 2203 1851 2260 humorem
1883 2218 2038 2276 aque-

1950 2293 2034 2332 um

202 2467 211 2471 r
263 2423 281 2487 s
323 2427 397 2489 (g)
435 2434 473 2475 T
469 2428 580 2491 heser
614 2431 740 2478 Anat.
778 2433 868 2474 Bot.
906 2443 1008 2486 quae
1050 2427 1112 2472 ill-
1185 2443 1295 2488 203.
1357 2428 1459 2471 Huc
1481 2437 1624 2477 autem
1647 2442 1736 2471 non
1761 2423 1821 2471 est
1839 2422 2035 2468 referen-

246 2496 393 2557 firme
417 2503 611 2555 leguntur
626 2494 798 2556 Dtffi’rt‚
824 2498 876 2542 ab
898 2497 962 2545 Ill.
976 2512 1006 2540 H
1021 2512 1051 2540 A
1068 2512 1112 2539 L·
1182 2497 1260 2539 dus
1315 2495 1434 2538 locus
1485 2510 1512 2537 D
1529 2509 1539 2536 1
1558 2507 1582 2536 Ε
1597 2509 1633 2538 M
1649 2510 1672 2538 F.
1687 2510 1713 2537 n
1728 2509 1749 2538 B
1764 2509 1790 2537 R
1805 2508 1833 2536 0
1847 2508 1869 2536 E
1885 2506 1909 2534 C
1925 2507 1951 2534 K
1970 2504 2012 2533 11
2028 2523 2039 2542 ‚

257 2579 322 2610 LE
337 2583 362 2610 R
378 2564 416 2607 o'
442 2566 592 2609 colleff,
633 2568 719 2609 Vol.
732 2567 806 2609 VI.
1182 2566 1308 2607 Anat.
1330 2578 1362 2610 c.
1390 2560 1487 2609 XV.
1503 2562 1594 2611 vivi,
1616 2559 1724 2619 laefi
1744 2570 1865 2613 parte
1879 2554 2033 2613 pcstica

331 2634 392 2689 (h)
428 2631 551 2688 Epist.
581 2643 697 2680 anat.
719 2634 834 2680 XVI.
869 2631 1019 2690 §.41-
1182 2630 1297 2672 hallu·
1341 2631 1472 2672 humor
1485 2644 1547 2672 em
1593 2627 1782 2687 vg'fifdam
1813 2633 2036 2678 erumpere,

331 2700 386 2756 (i)
422 2700 525 2742 Vid.
550 2713 650 2742 1LL.
692 2715 792 2744 ΗΜ,
809 2715 833 2744 L
851 2715 873 2743 E
891 2714 916 2740 n
933 2715 946 2740 1
985 2697 1114 2746 Prim.
1182 2696 1344 2748 afferit3
1369 2696 1504 2739 stat-im
1529 2695 1642 2739 euim
1668 2706 1870 2752 apparet,
1901 2690 2040 2749 phae-

259 2766 352 2812 Lin.
377 2763 497 2825 l³s>3fi
516 2765 553 2824 §.
581 2779 686 2824 293.
711 2770 813 2821 362.
839 2767 944 2819 776.
1184 2779 1408 2808 nomenon
1444 2763 1545 2806 iilud
1578 2762 1728 2805 deberi
1762 2758 1936 2803 humori
1971 2758 2037 2801 vii

329 2835 384 2890 (k)
418 2835 660 2886 Anthropol.
686 2835 727 2876 L.
741 2849 786 2892 4.
814 2851 846 2878 c.
876 2847 921 2890 4.
1180 2845 1293 2883 tres),
1319 2847 1400 2889 per
1426 2828 1724 2874 vulnusculum
1748 2825 1971 2872 choroiclis
1991 2839 2035 2869 e-

326 2902 397 2958 (l)
445 2898 664 2944 Animadu.
695 2899 739 2944 in
775 2898 1030 2956 Veslingiztm
1061 2908 1107 2953 p.
1214 2899 1417 2956 imperiti.

1178 2915 1210 2942 η

1205 2963 1330 3033 D3
