2356 3260
627 159 767 234 cai».
813 173 892 214 ix.
940 172 1026 213 m:
1060 155 1321 215 'wars
1358 174 1576 218 oevi-,n
1875 179 1990 231 207

209 299 278 356 xi.
294 298 399 354 Sed
420 299 592 354 multo
613 297 789 372 plures
815 294 934 352 sunt
958 298 1189 362 neruuli,
1206 299 1397 372 quibu-s
1418 300 1504 356 ille
1525 298 1800 357 fasciculus
1823 317 1978 355 com-

206 373 454 448 ponitur,
491 392 551 429 ac
572 379 809 445 primum
831 389 1098 445 apparent.
1148 375 1391 448 Vterque
1415 376 1632 450 quidem
1661 373 1902 449 superior
1923 377 1980 431 ὃς

206 447 430 504 inferior
449 447 605 502 huius
630 444 860 503 fasciculi
883 446 1118 503 surculus
1145 447 1464 524 plerumque
1493 450 1741 524 fimplex,
1772 453 1820 504 ὃ(
1843 446 1982 504 infe--

206 522 320 578 rior
342 523 502 595 paulo
521 520 715 577 fortior
745 518 1054 577 obseruatur
1076 565 1100 597 ³⁷
1131 523 1513 579 intermedium
1551 542 1732 580 autem
1761 541 1978 579 accura-

207 597 335 653 tiori
359 597 625 659 examine,
668 612 754 652 aut
776 598 810 652 fi
833 593 1081 668 scalpello
1103 601 1175 651 ita
1198 598 1508 670 stringatur,
1544 619 1604 654 ac
1627 599 1661 654 fi
1683 605 1741 654 in
1772 599 1978 654 taenio-

205 670 310 726 lam
334 671 484 724 illum
504 670 767 742 explicare
787 670 913 726 velis
929 713 941 734 ,
977 668 1399 744 frequentiffime
1422 673 1615 727 iterum
1639 693 1703 729 ex
1728 674 1894 729 tribus
1924 691 1974 726 a·

183 745 286 800 >liis
305 743 611 800 tenuiffimis
636 744 859 808 fibrinis,
902 763 928 799 a
948 749 1123 818 prima
1150 746 1358 819 origine
1379 747 1654 813 distineris,
1693 746 1784 803 fibi
1809 741 1977 822 paral-

202 818 330 882 leus,
347 821 396 873 &
419 837 529 893 ope
551 817 830 875 celluloszie
850 820 906 874 in
927 838 1094 874 vnum
1121 819 1270 875 filum
1291 823 1591 877 coniunclis
1610 820 1978 896 compositum¹

203 891 515 958 obseruaui,
556 912 717 966 quae,
756 892 846 948 nifi
876 901 1121 951 attentius
1168 895 1541 968 inspiciantur,
1581 896 1830 953 facillime
1870 914 1974 970 pro

201 968 298 1025 filo
322 966 548 1042 simplici
570 969 753 1024 haberi
775 967 1002 1041 possunt.
1081 969 1215 1025 Non
1239 972 1420 1025 eadem
1445 985 1622 1026 tamen
1649 971 1977 1027 distributio·

202 1044 283 1099 nis
305 1043 394 1098 lex
416 1044 472 1097 in
495 1043 748 1098 omnibus
770 1043 992 1099 obtinet.
1071 1043 1347 1099 Interdum
1374 1045 1514 1100 enim
1540 1046 1794 1101 neruulus
1814 1047 1975 1100 inter·-

201 1117 410 1174 medius
434 1123 488 1172 in
515 1117 643 1173 duas
670 1134 874 1174 tantum
905 1117 1102 1175 secedit
1131 1117 1343 1174 fibrillas
1369 1163 1382 1185 ,
1420 1121 1689 1176 interdum
1727 1137 1835 1175 tres
1867 1118 1975 1175 sur-

199 1193 335 1258 culi,
375 1191 568 1265 quibus
593 1193 845 1248 neruulus
869 1193 957 1248 ille
987 1194 1058 1249 est
1079 1193 1341 1249 conflatus
1358 1236 1372 1259 ,
1412 1195 1575 1267 paulo
1600 1195 1974 1268 niaiores‚pri-

197 1285 295 1322 mo
319 1266 519 1322 intuitu
553 1267 608 1322 in
643 1267 835 1323 oculos
870 1266 1039 1322 statim
1070 1267 1377 1333 incurrunt,
1416 1283 1477 1323 vt
1509 1266 1788 1325 fasciculus
1821 1267 1972 1342 supe-

195 1346 314 1399 rior
338 1360 451 1396 non
480 1360 546 1397 ex
580 1342 750 1397 tribus
773 1385 786 1407 ‚
828 1339 912 1396 sed
947 1361 1009 1397 ex
1045 1339 1135 1398 sex
1173 1341 1341 1397 statim
1380 1342 1599 1399 surculis
1629 1343 1970 1416 compositus.

195 1431 473 1488 appaream
515 1434 648 1489 quae
672 1418 707 1471 fi
729 1414 856 1471 adfit
877 1414 1100 1478 fabrica,
1139 1414 1410 1472 fasciculus
1440 1434 1574 1472 tunc
1610 1417 1866 1484 inferior,
1904 1436 1970 1473 ex

192 1490 564 1564 paucioribus,
593 1493 642 1543 ὃ(
683 1489 1016 1544 tenuioribus
1049 1489 1253 1544 fibrillis
1275 1491 1595 1565 plerumque
1616 1492 1835 1547 constat.
1890 1493 1973 1546 O-

192 1582 347 1619 mnes
367 1561 597 1620 falciculi
622 1562 779 1619 huius
821 1562 1103 1635 superioris
1143 1561 1335 1618 surculi
1363 1566 1602 1637 primum
1625 1567 1767 1621 inter
1797 1563 1848 1622 se
1880 1584 1971 1640 pa·-

193 1637 390 1700 ralleli,
435 1639 486 1689 &
519 1635 843 1704 cellulosa-in
872 1642 1101 1691 taeniam
1125 1638 1319 1701 iunffl,
1356 1640 1420 1693 ad
1463 1656 1673 1711 partem
1706 1641 1970 1714 posterio-

192 1730 310 1768 rem
343 1709 493 1767 bulbi
521 1709 667 1765 oculi
689 1709 848 1765 delati
873 1708 1057 1765 sensim
1077 1730 1106 1766 a
1126 1708 1176 1765 se
1193 1711 1426 1767 inuicem
1449 1713 1724 1779 secedunt,
1765 1718 1816 1770 ὃ(
1841 1713 1968 1770 scle-

193 1786 421 1843 roticam
444 1784 529 1838 alii
554 1803 724 1839 neruo
750 1790 943 1857 optico
966 1786 1266 1858 propiores,
1285 1786 1369 1841 alii
1391 1787 1568 1844 versus
1590 1789 1820 1845 mediam
1845 1808 1967 1863 par-

193 1856 549 1924 tem,diuerfis
575 1859 708 1914 locis
729 1857 1034 1932 perforant,
1076 1864 1127 1916 ὃ(
1166 1860 1220 1913 in
1254 1876 1377 1916 toto
1415 1867 1608 1919 itinere
1644 1880 1736 1919 aut
1773 1883 1967 1920 omnes
2039 1934 2041 1936 Ι

194 1949 288 1991 aut
311 1934 527 2008 plurimi
550 1952 672 1989 cum
702 1933 949 1988 asteriola
976 1933 1139 1990 ciliari
1169 1931 1461 2006 superiori,
1491 1939 1713 1994 vinculo
1744 1939 1967 1994 cellulo·
2029 1936 2035 1940 ’

193 2007 268 2074 s0,
287 2006 559 2065 areliffime
583 2008 655 2062 ita
679 2009 1093 2072 comeciuntur,
1133 2025 1194 2063 vt
1218 2007 1525 2067 difficillime
1556 2012 1621 2068 ab
1639 2013 1737 2067 illis
1764 2011 1968 2087 separa·

192 2085 265 2149 ri,
307 2087 356 2138 &
379 2082 555 2137 minus
580 2098 791 2138 cautum
818 2082 967 2139 facile
992 2082 1167 2138 fallere
1187 2083 1417 2155 polluit,
1461 2089 1507 2140 ἃ
1529 2088 1838 2161 impediant,
1853 2106 1970 2160 quo-

190 2161 372 2289 rsninus
392 2175 516 2212 vera
536 2157 754 2213 illorum
777 2156 1070 2214 distributio
1097 2159 1146 2213 δε
1169 2160 1416 2232 egregius
1436 2160 1524 2217 ille
1549 2163 1689 2225 ordo
1711 2162 1811 2219 rite
1831 2181 1969 2218 con-

192 2251 322 2306 pici
351 2247 524 2306 queat.
1093 2249 1101 2253 “’

332 2358 897 2438 Ἑαΐείουῖυεαίηῗετίοῑ,
916 2364 1118 2428 maior,
1147 2384 1210 2421 ex
1234 2364 1476 2440 pluribus
1498 2360 1705 2440 semper
1720 2381 1960 2442 compo·-

189 2437 314 2494 fitus
351 2435 566 2493 surculis
592 2479 604 2501 ,
649 2438 882 2510 primum
919 2434 1177 2513 superiori
1254 2443 1461 2497 roxime
1499 2442 1735 2511 vicinus,
1777 2456 1954 2514 prope·

190 2511 415 2568 oculum
453 2513 517 2566 ad
546 2511 712 2567 lineae
744 2509 853 2569 fere
884 2510 1108 2588 spatium
1155 2535 1181 2570 a
1233 2516 1471 2586 uperiori
1513 2513 1831 2581 disiuncffus,
1867 2510 1959 2570 vbi

189 2604 387 2643 neruus
414 2586 624 2660 opticus
655 2589 826 2644 nudus
850 2606 1079 2662 apparet,
1101 2591 1335 2646 decurrit
1355 2594 1417 2646 ad
1444 2591 1578 2646 latus
1612 2591 1765 2646 nerui
1793 2608 1827 2644 o
1869 2587 1964 2644 tici

188 2661 421 2717 exterius
451 2671 502 2717 ὃς
528 2659 771 2727 inferius,
811 2663 950 2722 inter
975 2666 1120 2720 illum
1147 2681 1372 2720 ner-uum
1399 2669 1446 2720 ἃ
1471 2663 1768 2721 musculum
1797 2679 1821 2719 a
1841 2666 1963 2718 ›du-

189 2752 434 2799 centem,
477 2751 626 2790 ortus
652 2755 714 2790 ex
751 2739 966 2810 ganglio
990 2741 1129 2796 inter
1164 2738 1467 2796 fasciculum
1503 2738 1863 2812 superiorem,
1906 2741 1960 2794 ὃ(

186 2808 531 2867 insertionem
556 2811 749 2868 radicis.
772 2814 1049 2871 breuioris.
1107 2815 1208 2872 Sex
1233 2814 1344 2872 fere
1369 2814 1578 2889 semper
1603 2811 1813 2943 surculis
1826 2831 1958 2895 conf

1802 2905 1957 2962 picui
