2356 3260
683 206 1023 246 cAP.x.DE
1067 205 1411 245 ARTERIIS
1449 206 1676 245 OCVLI.
1931 208 2031 256 215

261 332 668 406 praorbitalem,
707 331 944 388 ramulos
973 331 1036 384 ad
1063 331 1343 404 obliquum
1383 328 1715 403 superiorem
1756 331 1806 385 &
1842 330 2032 385 duram

260 426 512 473 matrem,
557 407 915 463 ethmoideam
951 405 1303 478 posteriorem
1337 404 1627 462 retrorsum
1657 404 1882 472 flexam,
1920 405 2034 462 eth-

257 484 528 539 moideam
556 485 901 545 anteriorem,
946 484 997 537 8<
1034 481 1273 537 tarseam.

402 584 460 638 In
480 585 644 639 altero
671 581 849 638 oculo,
931 582 1305 654 Opthalmica‚
1344 600 1502 654 quam
1525 583 1760 655 primum
1786 580 1882 639 sub
1910 601 2027 638 ner-

254 676 328 713 vo
354 663 406 712 in
435 658 667 719 orbitam
698 657 872 722 venit,
916 657 1083 712 edidit
1105 655 1455 711 muscularem
1488 656 1796 711 inferiorem
1823 700 1836 721 ,
1878 675 2028 712 trun·

254 751 323 787 co
361 733 585 788 dimidio
616 730 726 787 fere
763 731 1030 806 aequalem
1060 775 1072 797 ,
1127 734 1269 788 vnde
1305 749 1454 786 natae
1504 729 1747 794 fuerunt,
1788 732 2026 805 primum

252 808 524 872 centraliS‚
568 806 852 880 postillam
875 807 1060 862 ciliaris
1082 805 1302 863 inferior
1340 807 1589 870 interior,
1630 809 1762 861 rami
1807 808 1872 861 ad
1910 825 2026 861 mu-

249 879 456 937 sculum
481 882 862 946 adducentem,
901 884 950 936 &
972 882 1367 955 deprimentem
1397 885 1445 936 8<
1469 883 1696 954 denique
1715 882 1779 936 ad
1817 879 2026 939 muscu-

246 955 360 1012 lum
408 957 689 1030 obliquum
734 955 1057 1013 inferiorem.
1139 955 1424 1012 Musculari
1474 957 1558 1012 illa
1592 955 1830 1012 inferiori
1869 957 2022 1021 edita,

247 1047 472 1088 truncus
506 1032 862 1106 opthalmicae
890 1033 1098 1087 iuuetus
1114 1031 1213 1087 fuit
1238 1030 1551 1087 anastomofi
1575 1029 1645 1086 sat
1676 1049 1864 1103 magna
1895 1051 2019 1087 cum

246 1107 431 1163 arteria
465 1108 626 1176 altera
655 1105 958 1171 accessoria,
999 1127 1133 1181 quae
1168 1126 1418 1181 propago
1450 1107 1670 1161 arteriae
1709 1111 2022 1179 meningeae

246 1200 371 1238 cum
397 1201 549 1236 ramo
575 1182 755 1255 primo
781 1184 931 1239 nerui
961 1184 1132 1254 quinti
1153 1189 1293 1255 paris
1317 1182 1464 1236 allata
1485 1180 1611 1244 fuit,
1646 1181 1824 1235 multis
1857 1182 1911 1235 in
1937 1183 2023 1236 iti·

243 1275 374 1312 nere
401 1275 497 1330 per
531 1257 921 1330 duplicaturam
947 1259 1109 1311 durae
1141 1258 1315 1310 matris
1338 1253 1555 1310 surculis
1580 1255 1789 1319 emistis,
1814 1257 1878 1310 ad
1903 1273 2022 1311 ner-

241 1350 344 1386 uos
377 1331 431 1385 in
454 1333 675 1388 transitu
716 1332 808 1387 illo
841 1332 1050 1387 vicinos
1077 1374 1091 1396 ,
1126 1332 1424 1403 duramque
1460 1331 1788 1402 meningem.
1871 1331 2019 1385 Ana-

239 1404 458 1462 stomofi
495 1425 619 1461 cum
652 1408 838 1461 arteria
864 1407 947 1460 illa
988 1405 1118 1463 faeta
1152 1422 1373 1461 truncus
1410 1406 1630 1478 praebet
1661 1406 1895 1460 ciliarem
1929 1423 2016 1460 ex·

238 1481 493 1536 teriorem
518 1479 873 1552 superiorem,
919 1498 1052 1554 quae
1078 1482 1130 1534 in
1162 1481 1299 1535 duos
1332 1499 1510 1535 ramos
1543 1478 1704 1534 diuisa
1723 1477 1846 1543 fuit,
1877 1498 2015 1553 quo-

236 1573 358 1610 rum
374 1555 504 1610 alter
524 1560 576 1609 in
599 1555 776 1627 plures
803 1562 1044 1610 minores
1069 1552 1306 1609 surculos
1334 1552 1535 1609 solutus
1552 1552 1877 1609 scleroticam
1898 1574 2016 1629 per-

236 1628 458 1690 forauit,
500 1632 627 1683 alter
650 1630 861 1682 tenuior
884 1629 1128 1700 inprimis
1153 1630 1216 1683 ad
1240 1629 1393 1684 nerui
1428 1629 1663 1685 tunicam
1709 1628 1851 1684 abiit.
1933 1631 2015 1685 ln-

237 1704 305 1758 de
329 1702 548 1776 oblique
574 1700 728 1774 super
746 1720 974 1757 neruum
999 1702 1286 1758 introrsum
1311 1701 1615 1777 progreffus
1639 1703 1693 1757 in
1717 1704 1905 1759 itinere
1921 1705 2013 1761 de-

235 1780 315 1835 dit
343 1774 781 1852 supraorbitalem
800 1819 812 1841 ,
841 1776 993 1833 nerui
1018 1775 1261 1833 frontalis
1284 1779 1570 1844 comitem,
1604 1796 1782 1833 ramos
1807 1780 1872 1834 ad
1896 1798 2013 1836 ner·

233 1872 365 1908 vum
412 1851 657 1924 opticum
699 1853 747 1906 &
786 1852 1050 1924 originem
1087 1850 1310 1908 musculi
1347 1853 1552 1926 obliqui
1591 1851 1901 1926 supet-ioris,
1943 1855 2010 1911 ad

233 1927 534 1983 musculum
566 1927 926 2000 attollentem,
966 1928 1014 1981 ἃ
1043 1926 1403 1982 ethmoideam
1438 1927 1792 2001 posteriorem
1823 1972 1833 1991 ‚
1877 1945 2009 1987 tunc

232 2000 533 2059 antrorsum
571 2001 740 2056 delata
766 2044 779 2065 ,
832 2002 1193 2057 etl-imoideam
1244 2003 1602 2067 anteriorem,
1644 2003 2008 2076 palpebralem

230 2080 559 2134 anteriorem
606 2074 1027 2150 &super-iorem.
1107 2078 1319 2133 Arteria
1360 2094 1537 2132 autem
1567 2077 1847 2133 accefforia
1884 2080 2008 2152 post

229 2152 422 2208 saetam
453 2150 803 2207 anastomofin
829 2171 952 2208 cum
977 2168 1171 2227 trunco
1197 2152 1251 2205 in
1294 2152 1636 2226 lacrymalem
1675 2152 1831 2215 abiit,
1868 2172 2004 2226 quae

228 2229 284 2283 in
305 2227 494 2284 itinere
513 2226 748 2300 primum
774 2227 1019 2301 praebuit
1047 2227 1347 2282 asteriolam
1382 2227 1613 2282 ciliarem
1648 2226 2007 2283 tenuiffimam

228 2320 438 2359 ramum
474 2301 539 2356 ad
575 2298 867 2358 musculum
913 2301 1283 2365 attollentem,
1327 2304 1375 2357 a&
1416 2302 1786 2358 abducentetn.
1873 2306 2005 2359 Pro-

227 2397 297 2452 pe
324 2377 623 2450 glandulam
653 2395 855 2432 ramum
875 2421 887 2443 ,
927 2379 1039 2452 qui,
1075 2373 1349 2450 perforato
1391 2375 1499 2433 offe
1531 2394 1843 2449 temporum
1877 2397 2003 2433 cum

227 2452 513 2526 temporali
553 2449 817 2524 profunda
845 2453 1055 2508 iunfflus
1095 2453 1222 2515 fuit,
1261 2453 1506 2524 glandula
1542 2469 1718 2507 autem
1754 2451 2003 2526 superata

225 2527 281 2581 in
318 2529 456 2581 duos
493 2544 670 2581 ramos
702 2527 857 2583 bifida
889 2528 1047 2593 abiit,
1090 2546 1325 2601 quorum
1362 2529 1490 2584 alter
1538 2527 1602 2582 ad
1640 2544 1886 2600 tempoxa
1923 2524 2004 2581 su-

222 2601 505 2675 perficialis
548 2603 809 2667 excurrit,
861 2604 995 2660 alter
1033 2603 1096 2657 ad
1134 2602 1444 2676 palpebram
1489 2601 1817 2675 superiorem
1857 2599 2001 2656 miffa

221 2676 325 2732 fuit
350 2720 361 2741 ‚
408 2677 471 2731 ad
504 2676 935 2734 constituendum
975 2697 1097 2733 cum
1142 2678 1442 2751 propagine
1480 2678 1654 2734 trunci
1705 2676 2000 2748 opthalmi-

222 2771 314 2810 cae
351 2771 535 2809 arcum
570 2749 794 2808 tarseum
843 2753 965 2829 (d).
1056 2754 1149 2809 Ad
1189 2750 1472 2809 decursum
1516 2750 1998 2882 opthalmicaedad-

1907 2845 1998 2884 ere

286 2955 372 3021 (d)
417 2957 599 3008 Confer.
636 2958 731 3020 lust.
761 2973 851 3010 art.
885 2966 999 3008 oculi.
1024 2974 1070 3026 p.
1111 2971 1184 3022 38.
1212 2960 1305 3022 sqq.
