2356 3260
274 209 335 264 32
475 201 908 246 DEscRn’Tto
950 180 1866 245 ANAToM.ocvx,1HvMAN1

272 333 341 389 tis
360 337 415 387 in
440 330 574 394 facie
598 344 815 385 externa
850 325 940 383 fita
971 324 1071 381 effe
1093 326 1306 382 videtur
1330 326 1386 382 in
1412 324 1518 403 ipsa
1542 327 2058 386 choroidiscellulo-

273 410 450 471 fitate,
485 424 662 479 neque
691 402 941 458 materiae
972 401 1182 456 cuidam
1225 401 1409 475 nigrae
1443 400 1767 459 extrinsecus
1804 402 2057 462 choroidi

271 480 544 546 infidenti,
584 495 674 534 aut
698 478 925 533 laminae
953 478 1064 533 eius
1091 493 1342 532 externae
1369 475 1657 543 subiec‘tae,
1700 483 1751 534 ὃς
1783 498 1880 552 per
1909 478 2058 534 illam

273 554 647 618 translucenti,
684 553 850 608 tribui
877 550 1029 626 posse
1055 552 1285 608 videtur.
1322 556 1426 629 (y)
1507 557 1563 608 In
1593 558 1760 609 oculo
1794 553 1941 609 enim
1971 571 2059 608 re-

273 632 419 687 centi
439 647 615 704 neque
639 628 863 701 digitos,
908 629 944 683 fi
970 643 1243 683 externam
1278 625 1484 693 faciem
1507 629 1764 702 attingas,
1808 628 1918 684 fere
1956 628 2061 684 tin-

274 706 382 780 git,
431 723 607 779 neque
649 704 936 760 choroides
963 722 1154 776 aquam
1188 703 1462 758 turbidam
1504 704 1718 767 reddit3
1766 701 1854 759 sed
1891 705 1940 758 8<
1971 701 2061 760 illa

276 778 528 838 cellulosa
551 779 951 852 choroidis‚per
973 779 1238 851 plurimos
1264 779 1374 834 dies
1395 778 1450 832 in
1467 795 1600 851 aqua
1615 773 1924 842 maceratae,
1939 795 2062 852 per-

275 854 583 913 tinaciffime
606 860 824 927 nigrum
847 853 1090 909 colorem
1117 850 1427 917 conseruat,
1447 853 1537 908 etii
1554 895 1569 919 ,
1611 855 1648 910 fi
1672 854 1896 909 laminae
1920 869 2062 908 exte-

277 932 408 987 riori
432 929 575 986 fcret
602 928 830 984 subie&a
847 972 860 994 ‚
898 947 995 1002 per
1017 928 1242 984 lacerata
1269 928 1549 984 choroidis
1570 928 1691 984 loca
1718 931 1870 1001 nigra
1899 943 2063 983 mate-

213 1029 217 1031 ·
276 1008 352 1063 ria
376 1005 550 1080 poss'et
574 1005 736 1061 exire.
819 1001 944 1058 Post
981 1003 1185 1077 aliquot
1205 1019 1386 1059 autem
1421 1004 1558 1069 dies,
1596 1001 1846 1059 cellulosa
1872 1003 1957 1057 illa
1985 1018 2065 1057 te-

280 1080 545 1147 nuiffima,
587 1078 873 1154 putredine
898 1076 1154 1144 resoluta,
1193 1080 1249 1133 in
1279 1078 1534 1134 minimos
1568 1078 1838 1135 flocculos
1873 1080 1922 1133 &
1948 1076 2066 1151 pul.-

276 1155 512 1213 visculos
540 1156 725 1228 nigros
757 1154 889 1218 abit,
926 1173 1062 1227 quae
1093 1156 1367 1227 aquulam,
1386 1174 1450 1209 ex
1483 1173 1688 1228 vapore
1710 1154 1904 1209 coacto
1924 1154 2065 1208 inter

277 1249 573 1305 Vtramque
597 1231 833 1285 tunicam
866 1246 1067 1293 ortam,
1105 1230 1265 1300 nigro
1300 1229 1489 1284 colore
1517 1229 1678 1302 tingit
1715 1232 1766 1283 &
1797 1227 2066 1284 turbidam

285 1307 478 1363 reddit.
559 1302 925 1359 Manifestiora
948 1303 1132 1357 omnia
1154 1304 1237 1357 illa
1261 1320 1519 1375 apparent
1547 1306 1602 1358 in
1624 1304 1795 1358 oculis
1831 1300 2068 1357 animali·-

283 1401 379 1438 um
418 1381 721 1442 maiorum,
765 1379 821 1432 in
853 1377 1047 1450 quibus
1079 1378 1183 1434 tela
1217 1376 1466 1432 cellulosa
1498 1379 1692 1433 maiori
1725 1377 1884 1449 copia
1927 1379 2067 1429 inter

281 1455 622 1514 scleroticam
647 1456 695 1507 ὃς
719 1452 1044 1507 choroidem
1082 1451 1530 1524 deprehenditur,
1576 1454 1626 1506 ὃ(
1658 1450 1975 1507 fortioribus
2006 1448 2068 1503 fi-

282 1531 454 1587 brillis
484 1527 618 1585 facia
641 1527 841 1601 vbique
864 1542 1112 1582 accurate
1136 1526 1247 1582 illas
1269 1526 1674 1600 coniungit,(z)
1717 1544 1851 1600 quae
1867 1543 2068 1588 tamen,

284 1607 414 1663 licet
436 1604 725 1661 choroides
747 1603 813 1657 ad
840 1601 1183 1675 putredinem
1208 1621 1376 1675 Vsque
1404 1617 1670 1656 macerata
1710 1601 1894 1665 fuerit,
1928 1620 1955 1655 a
1989 1598 2069 1653 ni-

284 1701 389 1756 gro
425 1681 614 1736 colore
658 1680 712 1733 in
750 1677 1059 1733 dilutiorem
1088 1678 1137 1731 δε
1178 1677 1345 1749 magis
1389 1674 1745 1731 albescentem
1789 1691 2070 1748 nunquam

286 1772 540 1814 mutatur.
621 1754 712 1810 Ne
734 1770 913 1807 autem
934 1753 1133 1806 mirum
1159 1750 1311 1805 facile
1334 1751 1547 1805 cuidam
1583 1751 1828 1807 videatur
1844 1791 1862 1816 ,
1902 1748 2071 1804 cellu-

287 1832 483 1889 lositati
504 1828 963 1905 ipsl‘nigredinem
999 1825 1139 1880 illam
1163 1825 1351 1889 tribui,
1393 1826 1546 1897 plura
1570 1825 1828 1881 habemus
1857 1825 1913 1880 in
1949 1828 2072 1878 coi·-

290 1926 430 1983 pore
459 1905 702 1977 exempla
733 1904 870 1958 telae
893 1897 1173 1956 cellulosae
1189 1901 1400 1971 nigrae,
1443 1899 1536 1953 vbi
1563 1901 1705 1954 nulla
1737 1902 1877 1956 valet
1916 1895 2073 1970 suspi-

293 1984 383 2038 cio
403 2025 417 2046 ,
458 1979 791 2053 nigredinem
824 1977 1106 2049 pigmento
1131 1975 1342 2029 cuidam
1366 1975 1552 2046 nigr0‚
1580 1976 1819 2047 propriis
1842 1973 2073 2047 ‘glandu-

291 2058 353 2114 lis
386 2058 615 2120 lecretO,
661 2052 857 2108 deberi.
939 2050 1030 2105 Sic
1053 2052 1104 2104 ὃ(
1132 2056 1188 2104 in
1211 2049 1434 2104 homine
1464 2048 1588 2103 &in
1613 2049 1783 2115 boue,
1825 2051 1874 2103 3<
1895 2057 2074 2121 porco

294 2129 567 2195 cellulosa,
610 2147 746 2204 quae
768 2126 1038 2182 funiculos
1072 2124 1388 2180 medullares
1407 2122 1558 2179 nerui
1584 2125 1751 2198 optici
1787 2122 2074 2194 distinguit,

295 2211 347 2266 &
369 2207 484 2276 illa,
511 2224 646 2282 quae
671 2201 1006 2281 glomerulos
1029 2201 1288 2257 minimos
1315 2199 1690 2276 glandularum
1725 2197 2076 2276 conglobata-

1951 2291 2078 2329 rum

297 2445 350 2490 de
404 2437 673 2501 mecham'fine
720 2441 774 2484 de
812 2438 937 2483 l'oeil
979 2447 1021 2494 p.
1079 2451 1153 2498 23.
1217 2452 1337 2484 teum
1360 2437 1442 2482 iam
1467 2436 1697 2483 adnotauit
1722 2436 1785 2480 Ill.
1822 2449 1917 2479 Hm
1934 2446 2077 2478 STER

298 2514 349 2557 In
379 2509 582 2554 omnibus
606 2521 750 2552 autem
773 2506 1024 2551 animalibus
1045 2520 1154 2563 qua·
1219 2502 1379 2564 indiff
1400 2507 1453 2549 de
1477 2506 1691 2550 choroidea
1716 2504 1836 2564 §V
1850 2513 1938 2546 not.
1967 2501 2009 2544 b.

298 2577 570 2653 drupedibus
594 2608 613 2650 '.
637 2579 677 2619 δι
711 2575 754 2617 in
793 2574 942 2619 auibus
963 2585 1154 2648 ‘exte-rna
1298 2595 1378 2650 (y)
1425 2593 1554 2638 comt·
1599 2608 1812 2638 MORGA
1831 2605 1928 2644 GN·
1961 2585 2078 2646 eptst.

297 2645 429 2690 fames
461 2642 686 2688 choroidis
710 2640 824 2685 fusca
843 2639 927 2695 est,
963 2655 1005 2683 m
1032 2638 1155 2698 pisci·
1219 2671 1337 2706 anas·
1360 2661 1495 2704 XVII·
1529 2661 1571 2720 §
1617 2676 1686 2704 Η.

303 2712 384 2757 bus
406 2724 550 2756 autem
574 2709 798 2769 plurimis,
823 2724 863 2753 e.
891 2721 934 2766 g.
958 2707 1002 2750 in
1036 2704 1155 2750 lucio

304 2779 423 2837 pisce
437 2773 747 2836 elegantissime
769 2776 921 2820 colore
946 2787 1155 2832 argenteo

304 2843 467 2902 fulget,
504 2849 544 2888 &
565 2844 608 2886 in
629 2859 729 2888 rana
747 2843 936 2887 anterius
954 2841 1074 2885 micis
1089 2840 1154 2884 fe-

303 2925 353 2956 re
377 2911 514 2954 aureis
548 2910 774 2969 conspersa
809 2909 883 2958 est.
961 2910 1008 2953 In
1030 2922 1158 2970 perca

306 2977 468 3022 marina
491 2975 615 3022 huius
637 2977 763 3024 faciei
783 2978 982 3023 colorem
1004 2990 1158 3036 argen-

1288 2749 1354 2809 (Ζ)
1391 2746 1736 2807 Vid.sbrmonem
1762 2749 1815 2790 tle
1840 2740 2081 2803 dg'ffirentia

1208 2815 1407 2878 fizbricae
1446 2815 1554 2859 oculi
1588 2814 1754 2859 humani
1774 2813 1839 2862 ,εἴ
1869 2812 2083 2854 brutorum

1219 2884 1266 2928 in
1326 2888 1546 2927 Conmeent.
1597 2887 1682 2928 Soc.
1732 2885 1831 2939 Reg.
1877 2881 1940 2923 Sc.
1980 2878 2083 2921 Get«

1222 2949 1329 3010 ting.
1359 2952 1406 2996 T.
1438 2950 1516 3010 IV,
