2356 3260
636 216 968 260 crumena
1010 214 1350 257 ARTERns
1392 216 1624 258 ocvm.
1908 217 2013 273 217

232 359 359 397 cum
390 339 641 397 fimilibus
664 338 877 397 surculis
908 341 1135 396 aliorum
1167 341 1427 397 ciliarium
1455 341 1623 409 iuncti
1646 339 1912 396 circulum
1935 339 2010 397 ef-

233 417 424 473 ficiunt
445 461 457 482 ‚
500 416 596 471 fini
635 417 786 473 nerui
820 415 989 490 optici
1021 420 1462 491 circumpositum
1485 459 1499 482 ‚
1541 417 1596 472 in
1627 434 1789 489 quem
1818 413 2014 474 surculi

233 509 455 568 quoque
492 511 555 548 ex
583 489 692 565 ipsa
724 492 808 565 pia
836 507 1003 546 matre
1024 492 1176 547 nerui
1199 491 1368 567 optici
1393 494 1740 548 aduenientes
1775 489 2011 547 inserun-

233 584 321 623 tur
343 611 355 631 ‚
399 587 463 623 ex
491 586 602 641 quo
625 568 832 623 circulo
863 567 1052 621 ramuli
1086 568 1224 622 enati
1259 565 1526 642 perforata
1572 566 1849 623 sclerotica
1883 586 2013 624 cum

233 643 450 716 reliquis
493 640 814 698 choroidem
851 642 1051 697 adeunt
1092 644 1213 713 (f).
1280 641 1585 698 Arteriolae
1627 642 1770 697 enim
1809 642 2012 699 ciliares

232 718 288 773 in
314 732 463 791 parte
489 717 771 790 posteriori
793 716 1104 772 scleroticae
1144 717 1194 771 in
1225 718 1402 790 plures
1443 715 1721 772 finduntur
1751 715 2009 784 iurcu108‚

234 807 296 848 vt
322 792 656 866 quindecim,
695 792 885 865 viginti
910 793 959 845 &
985 792 1121 846 vltra
1140 792 1330 847 ramuli
1353 791 1685 848 [cleroticam
1711 790 2009 865 perforent,

238 867 326 923 alii
357 882 532 922 autem
559 868 830 923 tenuiores
856 864 1162 923 scleroticae
1196 867 1516 923 exteriorem
1549 865 1738 923 faciem
1760 872 2013 942 pingant,

234 942 296 997 in
313 943 496 998 medio
511 941 624 997 fere
646 941 813 999 bulbo
833 942 1221 1016 propaginibus
1243 945 1552 998 arteriarum
1576 942 1838 997 ciliarium
1864 959 2011 1000 ante-

235 1017 641 1073 riorumiunc'ti.
722 1017 837 1090 Qi
859 1032 1038 1073 autem
1069 1015 1398 1075 scleroticam
1428 1019 1731 1091 perforant,
1772 1017 2011 1075 duorum

236 1092 357 1148 sunt
383 1093 664 1157 ordinum,
707 1092 830 1148 aliae
856 1092 1035 1167 plures
1064 1094 1114 1147 &
1135 1092 1481 1167 posteriores,
1509 1092 1645 1166 quae
1667 1091 1869 1147 ciliares
1892 1093 2013 1150 bre-

233 1185 328 1222 ves
352 1167 771 1231 dicuntur‚aliae
791 1168 966 1223 multo
985 1169 1265 1241 pauciores
1279 1210 1292 1231 ‚
1316 1168 1632 1236 anteriore3‚
1673 1185 1899 1240 quarum
1916 1187 2014 1226 nu-

234 1260 417 1298 merus
448 1242 713 1298 binarium
740 1261 864 1300 raro
891 1242 1129 1308 excedit,
1168 1260 1303 1317 quae
1333 1243 1527 1315 longae
1551 1242 1822 1299 dicuntur.

385 1363 614 1422 Ciliares
648 1365 839 1420 breues
874 1361 982 1420 fiue
1021 1364 1346 1437 posteriores
1367 1407 1382 1429 ,
1429 1361 1584 1438 saepe
1616 1364 1754 1421 vltra
1797 1363 2013 1437 viginti,
2051 1423 2054 1426 ,

232 1456 408 1495 neruo
434 1440 626 1514 op-tico
651 1440 868 1513 quidem
894 1439 1651 1513 propiore3,quam‘arteriolae
1675 1440 2012 1495 ciliareslon-

233 1531 358 1586 gae,
389 1512 600 1570 *diuersa
630 1529 808 1568 tamen
847 1512 911 1568 ab
937 1513 1073 1568 illius
1101 1510 1331 1587 ingress‘u
1365 1514 1605 1569 distantia
1629 1555 1641 1578 ‚
1674 1511 2014 1572 scleroticam

233 1585 350 1643 satis
372 1589 535 1654 ⁸recto
566 1589 753 1643 itinere
785 1585 1087 1660 perforant,
1128 1588 1253 1642 aliae
1286 1588 1514 1643 maiores
1534 1630 1548 1652 ‚
1587 1589 1716 1643 aliae
1751 1594 2012 1648 minores,

237 1662 450 1717 Omnes
480 1662 544 1716 ab
578 1659 806 1734 ingressu
827 1658 1220 1716 arbuscularum
1246 1661 1458 1726 fimileS‚
1482 1663 1548 1717 ad
1569 1678 1757 1718 acutos
1779 1666 2008 1736 angulos

232 1736 428 1792 ramosi
445 1779 458 1800 ‚
495 1754 593 1809 per
612 1734 932 1790 choroidem
956 1733 1256 1792 antrorsum
1287 1753 1550 1809 pergunt,
1593 1738 1665 1792 ita
1688 1752 1748 1793 vt
1766 1740 1902 1794 rami
1925 1740 2010 1795 in-

237 1811 306 1867 de
331 1811 470 1867 enati
493 1808 788 1866 denfisfima
815 1806 944 1865 serie
973 1809 1065 1865 fibi
1097 1811 1326 1883 appositi
1358 1812 1592 1884 paralleli
1629 1811 1741 1868 fere
1772 1813 1911 1869 inter
1959 1811 2013 1871 se

237 1887 542 1942 decurrant.
626 1885 684 1940 In
706 1885 891 1939 itinere
912 1883 1334 1957 frequentiffime
1362 1887 1518 1942 ramis
1541 1889 1848 1943 transuersis
1868 1888 2012 1947 inter

239 1959 292 2018 se
325 1961 603 2019 vniuntur,
651 2029 655 2033 q
678 1959 736 2014 In
757 1975 973 2016 externa
996 1958 1129 2028 facie
1151 1958 1425 2015 choroidis
1449 1980 1594 2034 pone
1617 1961 1916 2020 orbiculam
1940 1964 2014 2029 ci-

237 2036 420 2091 liarem
449 2034 929 2108 frequentioribu5‚
969 2053 1127 2108 quam
1151 2034 1206 2089 in
1231 2036 1512 2105 posteriori
1536 2053 1687 2110 parte
1717 2037 2013 2104 choroidis,

234 2108 657 2166 ‘anastomofibus
685 2109 821 2165 inter
854 2107 904 2165 se
934 2109 1374 2182 coniunguntur;
1413 2110 1713 2185 Nunquam
1747 2127 1926 2168 tamen
1953 2114 2011 2168 in

240 2185 467 2241 homine
490 2182 918 2258 elegantiffimam
952 2183 1095 2240 illam
1127 2183 1382 2241 fabricam
1408 2183 1725 2253 obsernani,
1767 2205 1928 2261 quam
1952 2189 2010 2244 in

200 2290 203 2294 κ
239 2261 410 2318 oculis
439 2259 771 2324 animalium,
806 2261 884 2316 vti
913 2259 1154 2315 veruecis
1188 2274 1279 2315 aut
1308 2258 1464 2316 bouis
1494 2261 1917 2319 animaduertere
1948 2263 2015 2320 li-¹

239 2334 378 2399 cuit,
402 2335 496 2390 vbi
516 2352 705 2389 omnes
724 2335 995 2391 arteriolae
1015 2354 1079 2390 ex
1104 2334 1370 2390 choroide
1390 2336 1732 2392 aduenientes
1757 2337 1822 2392 ad
1850 2356 2007 2394 oram

238 2409 592 2483 posteriorem
617 2408 842 2465 orbiculi
867 2410 1050 2465 ciliaris
1074 2407 1373 2465 transuersis
1395 2411 1608 2467 ramulis
1630 2413 1686 2467 in
1713 2412 1906 2467 eodem
1932 2410 2011 2468 fe-

238 2503 301 2544 re
322 2486 484 2560 plano
506 2484 577 2540 ita
603 2484 743 2541 inter
763 2481 813 2541 se
832 2487 1114 2552 vniuntur,
1134 2500 1195 2542 vt
1215 2486 1477 2543 circulum
1495 2487 1831 2551 constituant,
1844 2504 2011 2560 quem

1813 2568 2011 2628 surculi

306 2734 387 2795 (f)
427 2731 590 2777 Circuli
608 2731 719 2777 illlus
741 2732 932 2793 primum
966 2747 1090 2779 men-
1159 2730 1565 2796 pingitflALLER.
1596 2730 1685 2781 tab.
1715 2744 1805 2785 art.
1835 2731 1954 2781 oculi.
1962 2732 2013 2799 f.

244 2800 413 2844 tionem
436 2798 521 2846 feci
544 2800 588 2844 in
623 2799 736 2864 epist.
769 2800 818 2846 de
846 2800 939 2860 vas.
954 2799 1092 2859 fitbti-
1161 2812 1211 2858 4.
1234 2800 1288 2845 ad
1310 2801 1379 2848 lit.
1400 2801 1429 2847 i.

243 2863 417 2916 lior-ibus
437 2867 541 2913 oculi
554 2879 604 2935 p.
624 2882 696 2928 27.
711 2870 749 2914 &
770 2867 889 2916 illum
909 2883 1093 2931 quoque

1165 2961 1266 3020 Ee
