2356 3260
624 189 969 251 >clinicam
1013 187 1349 230 Ani-Emis
1389 186 1606 231 ocvm.
1907 193 2006 230 221

236 313 340 370 culi
368 315 604 370 arteriofi
638 332 733 388 per
759 309 1059 369 cellulosam
1096 312 1325 368 orbiculi
1356 313 1545 368 ciliaris
1582 308 1883 367 antrorsum
1920 313 2010 366 de-

233 389 323 445 lati
347 390 569 444 maxima
595 408 658 444 ex
690 404 839 462 parte
863 388 1069 443 circulo
1090 389 1231 443 iridis
1257 386 1305 443 se
1326 388 1651 452 immittunt,
1691 389 1739 442 ἃ
1763 387 2009 460 inprimis

232 465 468 520 multum
494 464 557 518 ad
579 463 965 537 perficiendum
988 463 1244 518 annulum
1268 463 1583 520 interiorem
1606 461 1834 526 faciunt,
1870 480 2009 516 non-

234 539 365 594 nulli
388 536 557 612 ipsum
589 538 848 594 circulum
872 536 1260 610 praetergressi,
1287 540 1551 593 continuo
1579 537 1764 592 iridem
1793 536 2007 601 adeunt,

232 615 433 688 aliquot
455 629 628 668 autem
654 612 839 668 ramuli
865 614 920 666 in
946 628 1093 684 parte
1121 612 1310 685 pallida
1338 611 1614 669 choroidis
1648 608 1895 666 cellulosa
1924 627 2008 668 te*-

235 689 305 743 &ri
332 688 719 762 propaginibus
753 688 1060 743 arteriarum
1088 686 1334 742 breuium
1362 686 1435 742 ibi
1455 685 1757 743 inseruntur
1799 687 1907 759 (p).

378 807 460 864 Ex
480 807 697 865 *circulo
725 827 855 882 ergo
885 808 1156 873 interiori,
1198 808 1289 882 qui
1314 826 1341 862 a
1365 807 1650 882 posteriori
1681 823 1833 881 parte
1870 821 2005 862 arte-

229 884 331 940 rias
357 883 555 940 ciliares
580 885 794 957 longas,
836 886 886 938 ἃ
911 885 1233 948 anteriores,
1269 886 1318 937 &
1348 885 1581 939 ramulos
1607 883 1854 938 breuium
1875 882 2008 938 reci-

229 959 333 1033 pit,
378 957 443 1014 ab
466 961 718 1015 anteriori
740 958 869 1015 facie
888 960 1225 1033 proueniunt
1246 956 1450 1014 vascula
1473 958 1639 1021 iridis,
1680 976 1814 1030 quae
1838 957 2006 1030 paral-

230 1034 337 1090 lelo
359 1035 522 1090 dach]
545 1035 867 1098 incedentia,
907 1031 994 1088 sed
1017 1030 1249 1090 flexuosa
1270 1049 1449 1088 tamen
1482 1034 1544 1087 ad
1568 1033 1822 1087 annulum
1860 1031 2005 1086 iridis

229 1110 499 1164 minorem
526 1110 780 1174 tendunt,
820 1110 887 1164 ad
924 1109 1072 1165 cuius
1104 1126 1252 1164 oram
1293 1108 1494 1163 maiora
1519 1150 1530 1171 ‚
1570 1106 1725 1162 instar
1755 1105 2008 1162 vasorum

226 1180 735 1249 mesentericorum,
770 1201 862 1258 per
897 1203 1050 1239 arcus
1082 1185 1219 1239 inter
1241 1180 1291 1237 se
1323 1189 1643 1255 iunguntur,
1681 1182 1771 1254 qui
1795 1181 2006 1236 tenuio-

226 1276 283 1314 ra
306 1276 334 1312 a
356 1256 489 1314 facie
524 1276 763 1315 concaua
796 1260 1078 1333 recipiunt.
1158 1261 1398 1313 Tantum
1432 1273 1608 1311 autem
1649 1256 1820 1321 abest,
1854 1271 1914 1310 vt
1945 1273 2009 1309 o·

225 1333 370 1389 mnia
392 1353 459 1390 ex
483 1333 686 1389 circulo
711 1333 899 1389 maiori
920 1350 1037 1390 orta
1061 1329 1175 1387 vasa
1196 1333 1260 1387 ad
1287 1350 1437 1387 oram
1457 1332 1639 1387 annuli
1663 1330 1886 1402 mino-ris
1909 1347 2005 1404 pet

225 1425 376 1464 arcus
401 1408 538 1463 inter
559 1405 610 1463 se
633 1415 850 1471 coeant,
888 1424 948 1463 vt
965 1409 1197 1481 plurima
1222 1406 1326 1461 fine
1348 1406 1452 1461 vlla
1475 1405 1666 1461 maiori
1685 1403 2001 1460 anastomoli

223 1500 350 1537 cum
385 1483 573 1537 vicinis
597 1483 731 1537 inter
757 1499 911 1537 arcus
938 1483 1078 1536 recta
1100 1482 1165 1537 ad
1188 1481 1442 1535 annulum
1469 1482 1736 1535 minorem
1761 1480 2001 1544 tendant,

222 1557 319 1611 vbi
345 1557 399 1611 in
421 1557 658 1611 minores
681 1553 921 1611 surculos
945 1557 1284 1618 diuiduntur,
1326 1554 1518 1628 quibus
1543 1556 1805 1611 accedunt
1828 1566 2006 1609 ramn-

224 1630 261 1685 li
286 1650 350 1684 ex
373 1631 711 1684 connexitate
739 1648 957 1684 arcuum
984 1631 1106 1685 orti.
1146 1658 1148 1660 >
1187 1630 1391 1684 Omnia
1415 1629 1502 1684 illa
1524 1627 1730 1684 vascula
1754 1630 1808 1683 in
1837 1646 2008 1683 annu-

223 1705 282 1761 lo
309 1704 509 1759 minori
525 1704 594 1758 ita
615 1709 754 1758 inter
776 1701 827 1758 se
848 1704 1170 1776 iunguntur,
1214 1719 1298 1768 vt,
1327 1703 1361 1758 fi
1384 1704 1440 1758 in
1475 1703 1642 1759 oculo
1665 1703 1784 1778 post
1805 1701 2001 1758 felicis-

222 1779 410 1835 {imam
446 1779 800 1852 repletionem
826 1777 1108 1834 deeursum
1143 1778 1360 1835 illorum
1390 1778 1687 1843 examines,
1723 1776 1876 1834 facile
1909 1795 2004 1851 ap-

222 1869 406 1929 pareat
426 1896 438 1917 ,
480 1853 572 1908 alia
604 1853 823 1926 quidem
858 1853 999 1908 recia
1024 1854 1093 1909 ad
1114 1872 1267 1911 oram
1296 1853 1611 1909 interiorem
1649 1853 1884 1927 pupillae
1909 1870 2001 1907 ve-

222 1931 361 1994 nire,
400 1928 495 1982 alia
526 1943 704 1982 autem
735 1928 789 1982 in
814 1927 1127 1984 alterutrum
1155 1930 1289 1984 latus
1312 1927 1547 1992 defle&
1591 1931 1640 1982 &
1665 1928 1852 1983 itinere
1874 1944 2002 1983 cum

222 2020 317 2060 ora
346 2003 575 2077 pupillae
598 2002 847 2076 parallelo
870 2004 1177 2067 decurrere,
1219 2021 1355 2077 quae
1383 2001 1620 2059 surculos
1646 2004 1788 2058 reela
1811 2003 1875 2058 ad
1902 2019 2003 2075 pu-

224 2079 408 2152 pillam
441 2079 721 2134 tendentes
739 2078 1009 2152 recipiant,
1027 2082 1076 2134 8<
1096 2077 1296 2134 crebris
1313 2076 1728 2133 anastomofibus
1757 2094 1879 2134 cum
1902 2076 2001 2132 illis

222 2155 545 2225 iunguntur,
576 2154 719 2208 vnde
752 2156 855 2226 (q)
900 2159 956 2208 in
999 2151 1110 2208 fetu
1146 2151 1353 2208 vascula
1391 2158 1639 2207 tenuiora
1671 2153 1807 2207 vltra
1844 2168 1999 2206 oram

221 2228 369 2283 iridis
416 2227 679 2301 producta
727 2245 833 2302 ope
882 2227 1213 2284 tenuiffimae
1257 2225 1599 2301 interpositae
1642 2223 2002 2293 cellulofitatis

221 2302 594 2359 membranam
622 2300 691 2358 fic
715 2302 907 2359 dietam
932 2303 1250 2378 pupillarem
1273 2300 1513 2358 formant
1553 2303 1645 2374 (r).

1815 2407 1860 2474 ἕ,
1897 2406 1996 2464 IV.

291 2567 368 2630 (p)
406 2562 538 2613 Conf.
560 2563 657 2625 htst.
679 2579 765 2616 art.
784 2570 906 2618 oculi.
923 2584 966 2637 p.
993 2573 1074 2629 46.
1205 2567 1293 2626 (r)
1328 2565 1388 2611 Ill.
1414 2583 1443 2612 A
1459 2579 1872 2626 Lainvs,praeter
1890 2564 1999 2609 alios

206 2637 255 2699 f.
291 2650 337 2694 4·
1143 2634 1266 2694 supra
1303 2635 1462 2687 dictos,
1494 2636 1786 2679 membranam
1814 2632 2000 2692 pupilla-

1140 2717 1233 2747 rem
1262 2717 1448 2763 quoque
1467 2701 1674 2745 describit
1708 2700 1911 2759 &pingit
1941 2701 1997 2744 A·

287 2768 370 2831 (q)
402 2765 501 2810 Vld·
527 2765 617 2824 suP.
651 2780 742 2833 cap.
760 2767 825 2827 Vde
847 2767 1069 2816 chorioide.
1138 2769 1234 2815 cad.
1258 2774 1415 2815 Annot.
1429 2770 1476 2814 L.
1503 2771 1536 2815 1.
1564 2783 1654 2836 cap,
1679 2769 1799 2816 VIII.
1831 2763 1935 2812 Tab.
1962 2766 2004 2814 1.

219 2833 328 2881 SC&-
353 2836 426 2882 III,
451 2833 496 2894 §.
520 2834 594 2878 IV.
1125 2833 1172 2898 f]
1204 2851 1276 2899 13,
1306 2853 1377 2892 ¹4⁴

1082 2922 1246 2994 Ee3
