2356 3260
687 204 859 250 ’σωκ
891 203 1017 243 xu.
1062 199 1155 243 DE
1201 201 1634 255 immamus,⁸
1923 198 2035 256 24?

246 327 355 409 que
374 330 657 406 palpebrae
688 327 805 387 cilia
826 324 877 384 se
904 325 1197 393 decussant,
1215 330 1265 383 &
1287 326 1533 383 Vmbram
1565 329 1617 383 ὃ(
1638 323 2024 382 obscuritatem

247 409 412 466 oculo
454 408 671 461 addunt.
768 405 1063 478 Nunquam
1100 421 1279 458 autem
1317 402 1402 457 illa
1442 416 1512 456 'ex
1550 399 1667 475 ipso
1714 400 2021 470 cartilagine

248 484 605 558 proueniunt,
648 479 736 535 sed
768 479 924 534 vnice
959 479 1068 534 cuti
1099 478 1410 541 inhaerent,
1451 478 1502 530 &
1535 496 1661 531 cum
1689 476 1777 530 illa
1815 471 2024 546 semper

248 577 276 612 a
300 557 604 629 cartilagine
635 553 950 616 abscedunt,
982 571 1095 609 orta
1124 572 1187 608 ex
1207 553 1373 608 latere
1395 551 1650 606 exteriori
1675 549 1831 604 huius
1852 549 2026 605 limbi.

247 631 444 705 Margo
469 633 607 686 enim
630 628 919 685 tumidulus
942 644 1195 683 cutaneus
1227 625 1601 699 palpebrarum
1637 627 1708 680 ita
1739 623 1905 678 faetus
1934 623 2025 688 est,

247 722 309 762 vt
350 706 656 762 conuexitas
689 722 839 759 arcus
869 721 1101 758 corneae
1138 701 1533 756 connexitatem
1571 698 1840 772 respiciat,
1880 698 2026 754 vnde

247 797 362 836 non
403 779 576 853 potest
617 798 729 833 non
766 777 1029 852 palpebris
1077 775 1258 831 clausis
1293 776 1432 830 inter
1468 791 1759 848 Vtrumque
1795 771 2025 828 limbum

247 874 557 910 connexum
580 854 950 926 palpebrarum
978 853 1027 906 &
1045 869 1347 906 connexum
1367 848 1593 922 globum
1621 849 1764 903 oculi
1793 847 2024 920 relinqui

243 927 470 1003 spatium
498 930 814 1001 triangulare
838 926 1190 984 curuilineum
1209 969 1222 990 ‚
1247 943 1505 987 vacuum,
1537 925 1591 978 in
1621 942 1732 996 quo
1759 923 2026 996 lacrymae

244 1005 551 1060 coaceruari
583 1046 596 1067 ‚
638 1006 688 1057 ὃς
729 1002 1098 1057 contraelione
1138 999 1511 1074 palpebrarum
1549 996 1730 1054 versus
1764 998 2022 1070 angulum

245 1083 526 1135 internum
550 1078 890 1134 determinari
913 1074 1132 1151 possunt
1171 1075 1237 1147 (d
1244 1081 1290 1146 >1

318 1268 322 1271 1
393 1196 801 1276 Duplicaturam
831 1194 999 1266 illam,
1038 1215 1198 1274 quam
1226 1192 1362 1274 plica
1391 1208 1609 1253 cutanea'
1644 1186 2021 1270 palpebrarum

243 1270 431 1341 efficit,
480 1295 688 1350 praeter
713 1277 1073 1350 cartilaginem
1095 1273 1318 1339 tarsum,
1361 1276 1411 1327 8<
1437 1272 1706 1328 musculos
1742 1270 1909 1326 statim
1943 1271 2024 1324 di-

244 1351 473 1417 cendOS,
514 1353 688 1424 replet
709 1350 1051 1415 cellulositaS‚
1086 1356 1141 1405 in
1169 1368 1327 1423 quam
1350 1347 1635 1421 ligamenta
1669 1344 1829 1401 tarsea
1858 1343 2022 1402 resol'-

241 1441 462 1481 vunt‘ur.
537 1425 854 1498 Ligamenta
879 1425 965 1480 illa
989 1422 1089 1479 lata
1115 1420 1306 1488 tarsea‚
1335 1442 1511 1478 WJNS
1531 1439 1757 1476 Lowvs
1793 1416 1901 1490 (e)
1931 1419 2026 1475 de·-

238 1495 419 1554 scribit
441 1514 556 1555 orta
582 1519 645 1554 ex
712 1501 922 1555 eriostio
960 1500 1196 1562 orbitae,
1241 1498 1330 1552 vbi
1370 1498 1435 1551 ad
1465 1515 1617 1552 oram
1662 1511 1931 1550 externam
1964 1495 2022 1565 in

237 1573 596 1656 perieranium
639 1594 665 1628 a
708 1575 748 1628 it
767 1616 781 1635 ‚
834 1574 1112 1643 Vtriusque
1154 1570 1438 1642 palpebrae
1477 1569 1867 1640 cartilaginibus
1901 1566 2020 1623 tarsi

241 1643 458 1715 insertag
498 1664 688 1700 omnes
716 1662 893 1699 autem
917 1645 1105 1717 reliqui
1129 1645 1442 1701 Anatomiei
1467 1643 1534 1697 ita
1554 1642 1622 1697 de
1647 1643 1744 1698 illis
1778 1644 1942 1705 silent,
1958 1656 2022 1698 vt

238 1737 536 1778 commune
562 1720 691 1774 illud
717 1719 979 1774 silentium
1010 1721 1296 1793 ligamenta
1318 1719 1407 1773 illa
1430 1718 1587 1771 dubia
1619 1718 1842 1790 reddere
1869 1715 2020 1791 poffe

238 1794 496 1851 videatur.
549 1792 819 1849 Excitatus
845 1812 979 1864 ergo
1003 1809 1094 1849 wi
1111 1814 1155 1850 N
1175 1813 1197 1849 s
1215 1808 1388 1849 LOW1
1415 1789 1775 1866 descriptione
1801 1792 1854 1846 in
1880 1793 2020 1847 hanc

237 1888 353 1926 rem
378 1868 647 1942 inquirere
684 1868 814 1923 mihi
842 1867 1008 1922 visum
1047 1867 1170 1932 fuit,
1204 1872 1254 1922 8<
1297 1864 1695 1922 obseruationes
1722 1865 2016 1938 saepissime

238 1945 493 2018 repetitae
515 1960 602 1999 me
624 1944 950 2006 docuerunt,
979 1944 1139 1997 durae
1163 1949 1344 1998 matris
1367 1947 1723 2015 propaginem
1741 1985 1753 2006 ,
1774 1955 1908 2016 quae
1931 1954 2020 1997 or-

237 2018 382 2075 bitae
404 2015 627 2092 pariete‘s
647 2018 886 2090 periostii
908 2016 1036 2072 loco
1064 2017 1326 2074 conuertit
1350 2060 1362 2078 ,
1401 2017 1491 2071 vbi
1523 2018 1588 2071 ad
1622 2034 1772 2072 oram
1810 2016 2020 2071 orbitae

239 2095 567 2151 exteriorem
595 2093 826 2157 venerit,
865 2108 1048 2147 reuera
1074 2095 1124 2146 in
1157 2094 1284 2146 duas
1309 2091 1490 2147 diduci
1517 2091 1761 2154 laminaS‚
1791 2104 2018 2164 quarum

238 2168 400 2224 altera
421 2165 513 2223 offi
537 2182 718 2222 manet
746 2181 971 2232 annexa,
1015 2169 1062 2221 ἃ
1086 2168 1138 2221 in
1172 2164 1343 2239 ipsum
1375 2162 1688 2239 periostium
1716 2164 1866 2221 faciei
1891 2165 2019 2230 abit,

239 2244 400 2300 altera
423 2256 557 2297 vero
585 2241 648 2296 ab
673 2238 788 2314 ipso
815 2241 1020 2298 orbitae
1046 2242 1283 2313 margine
1305 2241 1556 2297 exteriori
1573 2240 1810 2314 vndique
1835 2240 1889 2294 in
1905 2239 2021 2314 pal-

236 2317 464 2393 pebram
502 2317 556 2370 se
579 2317 838 2390 demergit
857 2360 870 2381 ‚
895 2319 944 2372 8(
968 2318 1021 2371 in
1048 2317 1377 2390 duplicatum
1411 2313 1498 2371 illa
1524 2321 1660 2370 cutis
1680 2313 1874 2370 tarsum
1897 2326 2018 2369 ver-

237 2393 321 2449 sus
355 2391 585 2448 ducitur.
666 2393 882 2446 Lamina
918 2392 1000 2446 illa
1028 2391 1091 2446 ab
1114 2392 1268 2445 initio
1295 2388 1411 2445 satis
1435 2388 1620 2453 craffa,
1662 2393 1710 2445 ἃ
1736 2389 1902 2452 fibris,
1931 2394 2014 2444 vti

237 2468 350 2533 fere
374 2461 646 2540 processus
673 2458 982 2521 falciformis‘
1006 2466 1168 2521 durae
1201 2465 1408 2527 matriS‚
1448 2460 1719 2528 instructa,
1761 2464 1853 2518 vbi
1889 2463 2011 2536 qui-

235 2540 460 2597 busdam
484 2537 828 2605 foraminibus
858 2542 1224 2614 pertunditur,
1246 2539 1437 2614 quibus
1465 2537 1579 2593 vasa
1601 2542 1649 2592 δε
1673 2539 1823 2592 nerui
1845 2550 2012 2610 exora

236 2614 345 2673 bita
374 2616 431 2672 in
458 2613 650 2673 faciem
682 2630 903 2683 exeunt,
946 2616 1292 2691 progreditur
1318 2630 1466 2689 pone
1487 2612 1871 2678 orbicularem,
1904 2611 2004 2668 hac

1865 2709 2009 2773 pff)-

300 2858 387 2916 (d)
422 2862 577 2910 Comma
596 2853 742 2907 Boerb.
763 2858 830 2909 loc.
844 2858 978 2919 cihff·
998 2875 1085 2919 513.
1223 2861 1308 2926 (e)
1349 2858 1423 2910 Tr.
1446 2861 1496 2908 de
1517 2853 1560 2907 Ia
1578 2868 1677 2910 tete.
1700 2854 1742 2920 ᾗ.
1783 2868 1898 2918 2710

233 2939 319 2979 not.
334 2944 374 2973 a.
386 2941 411 2972 P
424 2943 448 2972 E
463 2941 523 2973 'ri
537 2945 584 2978 Τ,
597 2929 723 2977 Assem.
744 2935 816 2978 Aa
829 2933 934 2978 Par.
951 2938 998 2991 17
1008 2946 1029 2989 3
1040 2945 1086 2986 4.⁴
1219 2948 1227 2951 t
