2356 3260
243 195 275 250 8
402 197 829 241 DESCRIPTIO
878 196 1219 240 ANATOM.
1267 200 1841 250 OCVLIHVMANI

249 325 349 386 bus
389 322 650 388 habebat,
699 320 1039 394 crafficudinis
1075 321 1276 380 modum
1307 325 1526 399 firmare
1572 326 1888 402 perhibeat,
1930 349 2036 406 qua

250 418 432 460 tamen
455 406 513 456 in
535 419 592 455 re
612 397 1011 455 obseruationes
1033 418 1181 455 meae
1207 416 1455 456 veterum
1471 399 1793 459 ‘sententiam
1814 406 2036 474 accede·

251 498 311 537 re
336 496 424 532 me
447 491 682 549 cogunt,
713 475 998 548 postquam
1026 475 1080 530 in
1107 476 1350 549 plurimis
1373 477 1544 533 oculis
1567 477 1815 535 humanis
1838 500 1951 537 rem
1976 484 2043 539 il-

250 555 353 610 lam
370 552 620 624 indagare
639 551 812 606 visum
839 550 955 606 fuit.
1040 551 1320 608 Tendines
1349 551 1717 609 musculorum
1744 557 2038 624 reciorum,

250 629 343 684 vbi
368 627 674 683 scleroticae
699 626 1078 682 incumbentes
1120 628 1261 683 circa
1296 627 1521 684 bulbum
1567 630 1842 686 trochleae
1879 632 2036 689 instar

247 702 300 759 se
321 701 630 768 inflectunt,
660 701 807 758 illam
832 700 1166 758 scleroticam
1195 704 1357 777 paulo
1377 723 1640 770 excauant
1668 706 1948 782 linumque
1976 706 2038 763 fi-

249 780 305 835 bi
329 796 543 853 parant‚
583 797 695 852 quo
730 778 1089 852 excipiantur,
1122 794 1211 844 vt,
1253 781 1293 836 fi
1326 799 1515 836 contra
1556 778 1834 838 affixiones
1864 783 2038 839 tendi·

244 874 382 911 num
405 852 714 911 scleroticae
734 871 945 928 partem
971 851 1218 919 disseceS‚
1260 854 1405 910 illam
1439 856 1514 911 ibi
1547 874 1693 912 certe
1729 859 2036 922 tenuiorem

169 982 171 985 .
248 931 610 995 inueniamu3‚
633 949 693 985 ac
717 936 772 986 in
801 930 1092 998 interstitiis
1118 931 1419 988 tendinum.
1501 935 1619 1007 Qa
1643 933 1697 987 in
1725 953 1785 988 re
1812 932 2037 990 consen-

244 1008 472 1069 tientem
498 1006 671 1062 habeo
696 1025 1044 1081 PET1TVM‚
1069 1005 1153 1078 (b)
1202 1007 1294 1079 qui
1315 1004 1622 1063 scleroticae
1648 1025 1880 1083 partem,
1921 1027 2040 1065 mu-

184 1102 188 1105 ’
248 1080 405 1140 sculis
427 1083 580 1138 reffls
610 1079 926 1147 subieciam‚
969 1100 1147 1156 prope
1183 1083 1402 1138 illorum
1435 1080 1782 1139 insertionem
1812 1104 1925 1140 non
1958 1082 2043 1142 so-

246 1158 364 1225 glum
387 1159 716 1233 planiorem,
760 1156 851 1222 sed
872 1158 1029 1213 etiam
1060 1158 1257 1214 eodem
1291 1158 1421 1214 loco
1460 1161 1769 1215 tenuiorem
1806 1159 1907 1216 effe
1941 1160 2042 1216 ob-

248 1232 493 1300 seruauit.
574 1238 699 1290 Nec
723 1252 959 1306 vnquam
992 1231 1110 1289 satis
1142 1251 1296 1290 certo
1330 1235 1465 1299 vidi,
1509 1233 1846 1291 scleroticam
1878 1233 2043 1291 inser-

249 1310 401 1366 tione
439 1309 725 1365 tendinum
757 1313 902 1362 circa
931 1307 1193 1363 ambitum
1235 1328 1466 1365 corneae
1501 1309 1805 1364 crassiorem
1846 1309 2041 1368 faeiam

251 1382 402 1442 fuiffe
418 1426 431 1449 ‚
473 1402 608 1457 quae
633 1383 697 1436 ad
720 1381 887 1455 ipsam
913 1401 1083 1454 Vsque
1106 1402 1336 1437 corneae
1357 1385 1625 1455 originem
1650 1387 1876 1438 eandem
1901 1403 2042 1441 cras-

254 1459 452 1526 fitiem‚
478 1477 638 1531 quam
662 1456 938 1512 interstitia
962 1454 1278 1512 affixionum
1299 1459 1584 1513 tendinum
1610 1459 1924 1524 habuerant,
1939 1457 2040 1516 ser-

253 1554 382 1592 vare
412 1534 545 1590 mihi
568 1532 866 1588 videbatur.
939 1532 1288 1588 Incremento
1322 1551 1505 1589 autem
1530 1532 1842 1590 scleroticae
1875 1536 1940 1591 ab
1965 1533 2040 1592 af-

248 1611 455 1675 fixione
490 1608 776 1666 tendinum
804 1607 1050 1681 inprimis
1081 1626 1390 1683 repugnant
1421 1610 1568 1665 oculi
1606 1611 1946 1676 animalium,
1983 1612 2040 1668 in

256 1687 452 1763 quibus
476 1685 721 1741 tendines
745 1682 1060 1748 tenuissimi,
1101 1701 1192 1740 aut
1228 1685 1562 1749 lcleroticae,
1591 1687 1656 1740 ad
1690 1688 1819 1742 duas
1845 1686 1956 1741 fere
1978 1687 2041 1742 li-

253 1782 379 1825 neas
403 1764 508 1817 iam
531 1758 735 1822 craffae‚
752 1778 885 1832 quae
905 1761 969 1813 ad
995 1756 1340 1814 insertionem
1366 1762 1652 1816 tendinum
1675 1780 1790 1816 non
1815 1762 2042 1818 demum

256 1835 562 1896 crafl'escere
583 1836 803 1906 incipit,
844 1833 933 1890 sed
958 1834 1031 1890 ibi
1061 1835 1165 1889 iam
1189 1836 1262 1890 est
1292 1833 1621 1900 craffiffima,
1660 1853 1750 1892 aut
1781 1837 2043 1911 cartilagi-

255 1932 389 1971 neae
411 1915 462 1967 &
487 1911 598 1967 fere
621 1908 791 1985 osteae
831 1906 1163 1972 inseruntur,
1203 1925 1264 1964 vt
1286 1909 1386 1963 illis
1419 1910 1626 1964 collatis
1653 1912 1827 1966 maior
1847 1910 2045 1968 sclero-

258 1990 396 2051 ticae
432 1988 487 2042 in
513 2001 663 2060 parte
694 1985 950 2042 anteriori
983 1982 1229 2041 craffities
1261 1984 1571 2042 tendinibus
1603 1985 1769 2042 tribui
1801 1986 1892 2044 vix
1919 1984 2043 2063 pos-

253 2062 312 2122 se
341 2065 606 2121 videatur.

441 2238 538 2297 De
565 2231 788 2320 origi-ne
799 2225 1149 2316 ftleroticae
1174 2228 1518 2316 fintentiae
1546 2236 1862 2301 nonnullae

969 2340 1325 2410 Anfiorum.

415 2454 525 2533 Ipsa
547 2475 678 2531 ergo
704 2453 979 2513 sclerotica
1000 2457 1299 2529 postrema,
1315 2476 1419 2534 qua
1441 2473 1593 2534 parte
1615 2462 1687 2518 est
1722 2458 2047 2528 craffiffima,

266 2535 609 2610 pertunditur
639 2531 904 2588 foramine
942 2533 1255 2599 orbiculari,
1292 2553 1405 2609 quo
1439 2537 1590 2603 nerui
1616 2535 2047 2610 optici‘substan-

267 2613 395 2666 tiam
421 2610 770 2681 medullarem
794 2609 882 2682 pia
903 2624 1073 2665 matre
1097 2610 1329 2667 cinciam
1357 2611 1422 2665 ad
1436 2611 1692 2667 interiora
1716 2613 1861 2667 oculi
1880 2629 2050 2668 trans·

269 2686 456 2750 mittit,
499 2704 673 2758 eoque
707 2684 836 2739 loco
871 2703 999 2739 cum
1033 2685 1326 2741 inuolucro
1348 2692 1503 2742 nerui
1537 2687 1710 2761 optici
1732 2730 1746 2753 ‚
1789 2691 1838 2744 &
1863 2707 1890 2744 a
1915 2691 2048 2742 dura

275 2761 328 2815 &
350 2762 479 2834 apia
509 2778 678 2816 matre
712 2760 808 2816 fibi
839 2760 994 2823 dam,
1035 2760 1404 2837 coniungitur.
1485 2765 1608 2838 Qa
1634 2779 1814 2820 autem
1838 2763 2050 2819 ratione

270 2832 407 2892 haec
427 2833 732 2894 scleroticae
768 2854 895 2892 cum
928 2835 1221 2895 inuolucro
1256 2838 1411 2899 nerui
1442 2840 1716 2898 connexio
1752 2839 2052 2911 contingat,

991 2964 997 2973 ¹
1206 2960 1208 2963 '
1835 2977 1840 2982 ,
1868 2928 2057 2975 Vtrum

343 2985 404 3053 (h)
441 2987 571 3035 Mem.
609 2991 761 3041 Aen-50.
806 2991 952 3048 1726,
976 2996 1029 3049 *p5
1065 3001 1166 3048 70?
1221 3017 1278 3034 .,,,
1835 2993 1839 2998 -
2000 3015 2032 3018 ,-
