2356 3260
332 196 440 250 216
534 204 963 248 nescium-10
1002 202 1338 248 ANATOM.
1383 204 1603 246 ocvm
1644 203 1938 248 HVMAm

331 335 459 390 dere
483 351 704 408 quoque
727 328 897 386 visum
922 331 1020 396 est,
1061 330 1205 387 illam
1231 347 1451 405 quoque
1473 327 1564 387 sub
1590 348 1762 387 neruo
1781 330 1972 406 optico
1993 347 2122 405 pro-

331 405 555 484 gressam
581 405 1006 464 animaduersam
1030 407 1163 463 mihi
1191 403 1356 464 fuisse.

1147 541 1194 606 §.
1273 537 1339 594 ΙΙ.

783 662 1120 726 Arteriolae
1153 663 1386 725 ciliares
1427 659 1651 726 breues.

491 799 724 873 Propius
762 815 912 852 nune
943 796 1260 853 accedamus
1292 795 1358 852 ad
1388 795 1659 852 historiam
1702 795 2014 852 arteriarum
2051 799 2128 854 ci<

339 875 581 940 liarium,
620 892 848 948 quarum
869 871 1000 927 fines
1021 873 1075 926 in
1102 872 1235 928 iride
1266 874 1316 927 ὃς
1337 869 1666 946 processibus
1689 871 1951 927 eiliaribus
1975 871 2123 947 supe-

340 952 450 1007 rius
480 950 583 1006 iam
608 947 990 1021 descriplimus
1073 950 1224 1005 Dum
1250 965 1445 1003 omnes
1478 965 1620 1002 meas
1645 943 2046 1003 obseruationes
2068 949 2124 1004 in

343 1027 406 1082 iis
447 1044 672 1100 quoque
706 1023 1048 1081 cadaueribus
1091 1024 1286 1088 saetas,
1335 1022 1427 1077 vbi
1467 1023 1801 1096 reliquorum
1846 1040 2125 1078 ramorum

346 1101 704 1176 opthalmicae
740 1096 928 1154 seriem
960 1099 1213 1173 prolequi
1249 1117 1365 1153 non
1398 1097 1569 1162 licuit,
1610 1097 1751 1154 inter
1791 1094 1841 1152 se
1879 1096 2125 1164 confer0‚

348 1195 412 1232 ex
437 1177 689 1231 omnibus
713 1174 812 1228 illis
842 1173 1021 1238 elicio,
1063 1170 1488 1248 frequentiffime
1511 1173 1642 1227 mihi
1660 1170 1787 1228 visas
1815 1170 1962 1229 fuiffe
1993 1174 2124 1230 duas

348 1252 563 1306 arterias
593 1251 792 1306 ciliares
819 1248 1072 1312 maiores,
1097 1250 1316 1304 alteram
1337 1249 1747 1312 exterioren1‚&
1770 1247 2124 1322 superiorem,

348 1327 571 1384 alteram
606 1324 921 1381 interiorem
960 1325 1009 1379 8<
1044 1320 1356 1379 inferiorem
1398 1325 1519 1396 (e),
1562 1323 1754 1397 quibus
1786 1323 1993 1380 accedit
2023 1343 2130 1380 vna

348 1403 580 1459 alteraue
621 1398 868 1457 arteriola
901 1400 1144 1465 tenuior,
1186 1417 1321 1472 quae
1362 1397 1655 1471 gracillima
1691 1398 1747 1454 in
1786 1397 2130 1472 pauciffimos

349 1492 562 1535 tantum
599 1473 839 1531 surculos
880 1474 935 1527 in
979 1473 1287 1529 scleroticae
1321 1488 1470 1545 parte
1517 1473 1806 1546 posteriori
1850 1474 2126 1532 diuiditur.

348 1551 631 1610 Ciliarium
676 1553 949 1604 maiorum
992 1564 1083 1603 aut
1113 1563 1337 1621 Vtraque
1358 1589 1372 1611 ,
1413 1562 1502 1602 aut
1536 1548 1786 1602 alterutra
1817 1563 2026 1603 tantum
2063 1566 2128 1603 ex

349 1642 551 1685 trunco
584 1640 705 1680 nata
727 1621 852 1685 fuit,
893 1639 1019 1676 cum
1042 1621 1200 1676 altera
1227 1622 1549 1694 plerumque
1583 1640 1648 1675 ex
1675 1618 1958 1675 musculari
1994 1621 2130 1677 infe-

351 1702 508 1767 riori,
550 1715 684 1756 tunc
704 1698 758 1753 in
783 1696 884 1751 illis
905 1693 1146 1752 subieffis
1169 1694 1446 1768 grandiori
1477 1699 1808 1768 proueniret.
1885 1695 2133 1751 Tenuio-

349 1796 434 1835 res
463 1776 674 1850 origine
700 1777 845 1829 varia
865 1771 1038 1827 modo
1060 1790 1125 1827 ex
1154 1770 1509 1845 opthalmica‚
1550 1769 1720 1826 modo
1747 1788 1812 1825 ex
1835 1770 2129 1845 lacrymali,

350 1853 525 1911 modo
558 1870 622 1907 ex
657 1845 940 1905 musculari
970 1844 1219 1903 inferiori
1264 1861 1407 1901 ortas
1439 1844 1811 1901 animaduerti.
1890 1847 2134 1921 Vtraque

351 1927 541 1986 ciliaris
567 1930 767 1988 maior,
804 1921 1062 1986 exterior,
1089 1925 1141 1977 ὃς
1169 1918 1416 1983 inferior,
1451 1937 1584 1992 quae
1622 1920 1891 1976 interdum
1926 1938 2132 1978 centra-

351 2003 459 2059 lem
490 2001 622 2065 edit,
663 1997 977 2071 serpentinis
998 1995 1328 2051 flexionibus
1352 1992 1647 2049 secundum
1683 2014 1911 2050 neruum
1938 2016 2131 2070 proce-

354 2081 486 2134 dens
512 2091 602 2131 aut
625 2080 681 2130 in
701 2072 884 2128 medio
910 2072 1118 2135 itinere,
1152 2087 1265 2134 aut,
1309 2070 1459 2145 quod
1482 2067 1682 2143 saepius
1711 2069 1821 2126 fere
1843 2072 2131 2145 contingit,

353 2152 580 2228 propius
598 2151 663 2205 ad
684 2148 908 2204 bulbum
938 2146 1083 2201 oculi
1107 2151 1165 2202 in
1197 2145 1373 2218 plures
1394 2145 1648 2200 diuiditur
1668 2145 1903 2202 ramulos
1923 2189 1936 2210 ‚
1976 2148 2130 2205 editis

354 2231 413 2285 in
433 2228 622 2284 itinere
641 2222 913 2281 nonnullis
937 2222 1001 2276 ad
1034 2221 1382 2278 inuolucrum
1400 2221 1550 2276 nerui
1572 2218 1790 2277 surculis
1813 2221 2132 2282 minoribus,

355 2302 666 2361 Arteriolae
694 2315 871 2356 autem
887 2340 899 2362 ‚
921 2315 1050 2371 quas
1070 2315 1218 2353 voco
1238 2295 1512 2353 tenuiores
1531 2296 1851 2370 plerumque
1883 2297 1991 2352 fine
2017 2298 2132 2355 vllo

357 2376 472 2434 fere
497 2393 650 2432 ramo
687 2377 738 2429 δε
772 2373 988 2429 reffiori
1021 2372 1233 2428 tramite
1273 2369 1428 2445 super
1461 2387 1690 2427 neruum
1721 2370 2030 2427 incedentes
2064 2375 2131 2430 ad

355 2451 582 2509 bulbum
609 2449 948 2524 perueniunt.
1029 2448 1256 2522 Semper
1279 2462 1458 2502 autem
1481 2444 1675 2503 surculi
1707 2446 1911 2520 aliquot
1946 2447 2131 2504 ciliari-

354 2547 450 2585 um
480 2529 529 2581 &
549 2526 815 2580 maiorum
836 2525 884 2577 &
906 2522 1213 2577 tenuiorum
1233 2523 1293 2586 ‚in
1315 2518 1584 2586 cellulosa‚
1621 2540 1754 2596 quae
1779 2522 2132 2580 inuolucrum

356 2607 512 2662 nerui
533 2619 661 2658 cum
682 2596 958 2658 sclerotica
979 2598 1280 2674 coniungit,
1313 2601 1563 2673 vtrinque
1588 2614 1796 2654 ramum
1820 2596 2012 2664 edunt,
2038 2599 2130 2672 qui

2005 2692 2133 2735 CUH]

431 2840 505 2897 (e)
541 2839 612 2884 Sic
634 2838 744 2883 duos
774 2834 1000 2882 trunculos
1032 2833 1218 2880 maiores
1286 2833 1437 2899 explic.
1465 2830 1602 2893 vasbr.
1628 2834 1762 2901 111.p.
1782 2849 1850 2891 15.
1876 2844 2013 2883 arcer.
2029 2837 2134 2893 oculi

367 2905 534 2953 ciliares
561 2906 692 2951 habet
715 2904 775 2950 Ill.
796 2920 826 2949 H
838 2921 862 2949 A
875 2918 902 2948 L
916 2919 938 2947 L
953 2918 977 2947 E
990 2917 1018 2946 R
1032 2917 1058 2946 v
1073 2917 1090 2945 s
1110 2906 1216 2948 icon.
1285 2900 1372 2950 tab.
1392 2902 1437 2963 f.
1460 2915 1498 2947 2.
1523 2901 1674 2966 explic.

365 2971 453 3037 bafi
466 2976 631 3026 cranii,
657 2970 774 3036 fasc.
798 2974 832 3016 Ι.
864 2969 1215 3033 tab-art.sacial.
