2356 3260
643 202 1044 248 cAP.1X.DE
1087 203 1612 244 NEvasocvtn
1914 208 2014 247 211

395 330 629 387 Neruuli
651 330 704 386 hi
732 329 930 386 ciliares
953 329 1091 383 circa
1115 325 1398 400 ingressum
1427 326 1579 381 nerui
1603 325 1770 400 optici
1790 327 1892 382 tela
1913 330 2018 386 cel-

243 403 410 462 lulosa
434 406 645 462 fortiori
669 405 879 468 irretiti,
915 407 964 458 8<
988 404 1249 458 arteriolis
1266 402 1528 458 ciliaribus
1551 403 1802 476 impliciti
1825 402 2021 461 sclero-

243 483 404 536 ticam
427 479 673 543 subeunt,
691 481 773 536 alii
798 478 935 535 haud
958 483 1024 533 ita
1049 478 1239 550 procul
1258 480 1321 532 ab
1348 479 1499 532 nerui
1519 479 1688 550 optici
1709 477 2016 546 insertione,

243 557 330 611 alii
355 573 533 612 autem
555 557 619 610 ad
645 556 795 611 bulbi
818 555 1056 609 medium
1081 553 1363 625 propiores
1380 555 1553 625 ..quod
1575 553 1913 609 interuallum
1937 556 2016 610 in-

243 646 330 686 ter
356 631 553 685 horum
580 634 634 686 3<
659 631 808 685 nerui
829 630 996 702 optici
1014 627 1361 682 insertionem
1391 626 1748 682 transuersum
1783 630 2015 702 digitum

243 702 393 778 saepe
419 725 644 779 aequare
667 705 884 771 memini
908 706 1031 778 (c),
1063 722 1164 757 nec
1187 702 1328 756 illam
1355 701 1551 756 dire&e
1573 701 1879 775 perforant,
1920 703 2011 762 sed

243 780 463 853 oblique
490 783 628 836 inter
649 780 893 835 laminam
914 775 1277 840 acoeffmivn,
1303 783 1420 849 piae
1455 778 1636 832 matris
1660 779 1812 833 nerui
1842 782 2014 853 optici

243 855 619 928 propaginem,
643 858 693 910 &
712 873 886 910 verani
910 852 1235 909 scleroticam
1261 853 1484 926 proprie
1505 850 1574 907 {ic
1591 853 1784 908 dielam
1806 856 1870 909 ad
1894 855 2014 910 lon-

243 931 544 1001 gitudinem
564 932 768 1004 aliquot
789 931 1046 985 linearum
1072 928 1414 983 decurrentes
1441 947 1615 1000 prope
1633 931 1867 984 mediam
1899 930 2012 987 fere

244 1004 394 1059 bulbi
415 1021 618 1078 partem
639 1007 694 1060 in
713 1006 918 1060 interna
951 1005 1060 1058 eius
1086 1001 1362 1076 superficie
1391 1018 1648 1074 apparent
1668 1005 1748 1075 (u)
1767 1047 1780 1069 ,
1806 1023 1919 1077 quo
1951 1006 2010 1062 in

243 1081 463 1135 tranfitu
485 1079 904 1153 frequentissime
925 1078 1152 1135 comites
1186 1077 1275 1132 fibi
1305 1078 1502 1132 habent
1528 1075 1770 1135 surculos
1789 1094 1908 1134 tum
1932 1099 2013 1137 ar-

242 1153 472 1209 teriosos
491 1171 604 1211 turn
627 1154 871 1211 venosos,
932 1155 1021 1210 Sic
1063 1154 1200 1208 inter
1236 1152 1567 1218 scleroticam]
1596 1156 1645 1208 ὃ(
1688 1152 2015 1214 choroidern

242 1229 431 1284 iridem
456 1229 636 1286 versus
660 1232 950 1287 decurrunt
964 1235 1018 1284 in
1031 1230 1285 1282 taeniolas
1299 1227 1511 1281 latiores
1532 1229 1745 1300 expanfi
1760 1224 1873 1300 (x),
1888 1232 2015 1286 dua-

242 1303 342 1358 bus
366 1307 636 1362 interdum
661 1305 863 1361 fibrillis
883 1306 938 1358 in
957 1321 1125 1358 vnum
1151 1300 1299 1356 filum
1323 1300 1543 1363 itinffls,
1583 1306 1635 1358 8<
1661 1306 1872 1376 excepti
1908 1303 2010 1361 sul-

244 1380 320 1433 cis
347 1377 654 1436 scleroticae
676 1379 827 1435 faciei
847 1380 1088 1434 internae
1107 1373 1379 1450 insculptis
1406 1380 1466 1450 (y
1480 1381 1519 1444 )‚
1540 1376 1728 1433 itinere
1765 1380 2012 1448 parallelo

241 1453 562 1518 refiliffimm
592 1456 913 1528 plerumque
951 1451 1157 1506 indiuifi
1192 1455 1245 1507 ὃς
1282 1469 1393 1513 non
1427 1450 1645 1513 ramosi,
1680 1471 1848 1525 Vsque
1880 1456 2013 1512 dum

241 1528 308 1582 ad
330 1529 638 1584 orbiculum
656 1529 892 1584 ciliarem
907 1528 1224 1601 pertingant.
1243 1525 1517 1580 Interdum
1532 1541 1713 1581 tamen
1727 1529 2013 1603 contingit,

243 1618 304 1657 vt
320 1604 567 1658 nonnulli
590 1604 797 1672 neruuli
819 1602 980 1656 vicini
997 1605 1049 1655 3<
1066 1600 1320 1673 parallelo
1345 1601 1510 1654 duc-Tin
1529 1601 1827 1657 antrorsum
1852 1605 2013 1661 delati

243 1676 449 1732 fibrillis
471 1677 691 1749 oblique
733 1673 1034 1732 transuersis
1059 1676 1197 1730 inter
1233 1672 1282 1728 se
1304 1680 1608 1746 iungantur.
1686 1675 1884 1734 Nullos
1924 1698 2014 1736 au-

242 1768 352 1808 tem
374 1752 556 1808 hocin
578 1749 799 1807 decursu
822 1749 1058 1806 ramulos
1090 1749 1153 1803 ad
1178 1749 1498 1805 choroidem
1528 1749 1724 1815 emitti,
1765 1752 1819 1807 in
1846 1753 2015 1810 illam.-

243 1847 351 1903 que
368 1829 631 1890 desinere,
674 1824 982 1881 certiffimus
1010 1829 1244 1898 repetito
1272 1825 1592 1880 accuratiori
1613 1827 1860 1883 examine
1892 1831 2011 1900 post

243 1924 281 1962 R
298 1924 331 1959 v
351 1922 386 1958 Y
401 1921 657 1959 scu-nrm
679 1904 768 1974 (z)
791 1897 1051 1956 affirmare
1075 1897 1255 1955 auslm.
1297 1898 1531 1956 Neruuli
1552 1899 1609 1955 hi
1630 1900 1829 1959 ciliares
1848 1904 1903 1959 in
1927 1924 2015 1961 ex-

1861 1995 2015 2038 terna

245 2102 510 2167 plerumque
547 2102 661 2147 vidit
714 2096 848 2159 Thefi‘
870 2103 1000 2147 Anat.
1040 2100 1094 2144 Π.
1230 2100 1322 2158 (x)
1345 2100 1567 2144 Neruulos
1590 2100 1754 2147 ciliares
1778 2103 1819 2148 in
1835 2103 2014 2152 choroi-

246 2173 331 2233 Ass,
355 2189 381 2216 1.
405 2188 445 2215 n.
473 2189 509 2226 7.
547 2170 719 2214 monuit
743 2181 885 2212 tamen
912 2167 1093 2220 alibi‚in
1163 2167 1229 2211 dis
1279 2168 1511 2213 exterioris
1557 2167 1665 2213 faeie
1712 2170 2010 2228 decurrentes,

243 2241 334 2285 aljis
358 2238 441 2283 effe
462 2235 860 2288 numer0fi<›res,in
880 2236 968 2279 aliis
994 2250 1095 2294 pau·
1163 2234 1288 2278 multi
1311 2250 1393 2294 pro
1417 2235 1658 2293 ligamentis
1684 2236 1928 2285 habuerunt
1946 2243 2013 2287 vti

245 2301 400 2352 cioreS.
434 2321 476 2349 n.
500 2314 503 2317 “
526 2306 583 2350 16
674 2303 860 2348 Eosdem
889 2304 1094 2347 delineat.
1163 2318 1198 2347 M
1215 2317 1345 2347 ovm
1364 2318 1440 2346 Ns-
1479 2303 1582 2348 Vid.
1608 2302 1704 2349 Ac'l.
1722 2306 1839 2352 erud.
1872 2312 2011 2366 1684.

250 2373 374 2439 Epyst,
414 2373 580 2434 Xuif.
620 2371 672 2414 Ιῐ.
709 2385 961 2415 pra-ww
995 2383 1096 2425 tres,
1165 2372 1231 2416 M.
1255 2372 1709 2426 mmmmm-aem
1731 2375 1845 2434 apud
1865 2391 2011 2421 MAN-

248 2455 453 2502 quatuor,
467 2450 518 2482 au
539 2452 699 2493 nouem
723 2452 930 2482 numerat.
950 2452 994 2501 p.
1023 2454 1033 2479 1
1055 2452 1093 2482 1.
1165 2452 1285 2494 GET.
1321 2435 1520 2482 szlioth.
1545 2451 1664 2483 anat.
1683 2452 1728 2502 p·
1759 2450 1856 2500 189·
1873 2444 1924 2492 ic·
1969 2445 2010 2498 Ι)

312 2512 387 2565 (t)
421 2510 448 2551 P
467 2523 490 2551 ε
504 2523 534 2551 τ
549 2523 562 2549 ι
576 2521 606 2549 T
620 2521 646 2548 v
660 2521 677 2548 s
709 2509 746 2549 &
768 2521 805 2550 Μ
820 2520 843 2549 ε
859 2521 883 2549 c
897 2521 921 2549 1<
935 2522 956 2548 f.
972 2520 996 2548 L
1011 2520 1023 2548 1
1040 2520 1095 2548 vs
1163 2507 1551 2550 BLANCARDAnut.
1567 2508 1647 2568 ref.
1660 2509 2012 2575 cap.X[1.p.306.

166 2614 171 2615 ⁷
249 2575 455 2620 „emulos
476 2574 638 2617 ellim-es
655 2573 695 2614 in
721 2575 830 2617 varia
851 2589 871 2617 a
901 2571 1022 2616 nerui
1046 2586 1090 2614 ο-
1233 2571 1318 2631 (y‘)
1348 2571 1498 2616 Sulcos
1513 2572 1609 2616 illos
1628 2575 1816 2620 neruulis
1836 2587 2013 2638 reipon-

250 2645 360 2702 ptici
400 2640 633 2685 insertione
670 2638 859 2684 distantia
905 2639 1094 2683 scleroti-
1166 2638 1319 2683 dentes
1343 2639 1386 2683 in
1421 2640 1552 2684 oculo
1575 2639 1740 2686 bubulo
1770 2644 1854 2688 iam
1879 2646 2016 2690 anim-

251 2725 344 2754 carn
370 2710 510 2753 stibii-e
536 2711 710 2750 docent*
735 2710 800 2754 M.
823 2711 871 2754 A.
894 2709 957 2753 Sc.
981 2721 1096 2761 1727.
1166 2706 1449 2752 aduerterunt
1475 2723 1496 2750 Β
1513 2720 1538 2750 1,
1554 2721 1714 2752 ANCA
1730 2714 1800 2755 ιιι)
1845 2712 1876 2762 Ι.
1906 2729 1943 2759 c.
1975 2715 2016 2758 δι

246 2791 292 2842 p,
315 2793 386 2822 10.
408 2776 500 2836 a‘zffl
526 2779 593 2819 cit.
619 2773 659 2833 ᾗ.
684 2789 749 2831 52.
1011 2821 1016 2825 ,
1166 2788 1409 2819 MORGAG
1427 2789 1459 2818 N
1477 2790 1507 2818 1.
1542 2773 1797 2835 Epzst.XV1.
1820 2775 1862 2842 §.
1879 2794 1958 2840 59.

323 2845 418 2899 (u)
454 2842 696 2900 Obliquum
728 2842 842 2887 hunc
873 2835 1101 2886 decursum
1237 2842 1323 2898 (z)
1367 2839 1486 2901 Thes
1520 2845 1646 2886 Anat.
1703 2859 1736 2886 1.
1776 2846 1863 2907 Affi
1897 2849 1937 2892 11
1975 2864 2020 2895 n.

254 2923 444 2972 vterque
466 2910 602 2955 modo
618 2908 751 2955 dietus
765 2904 1102 2958 obieruauitds.
1175 2909 1269 2952 Vll.
1294 2920 1378 2956 not.
1404 2924 1444 2966 3.
1479 2906 1672 2956 Asseclae
1696 2925 1841 2960 autem
1866 2915 2025 2961 Theo·
2094 2967 2097 2969 ,

1164 2975 1253 3022 Dd
1288 2987 1319 3027 2
1941 2983 2032 3030 riae
