2356 3260
275 243 344 303 30
464 239 888 285 DESCRIPTIO
927 239 1264 282 ANATOM.
1304 239 1523 280 OCVLI
1565 242 1872 298 HVMANAt

275 386 358 425 um
390 365 605 443 effluere,
626 365 819 430 tradit,
854 365 892 435 fi
915 364 1110 421 oculum
1141 371 1290 438 parte
1316 363 1527 438 postica,
1570 367 1766 424 intaffia
1806 364 2056 436 choroide‚

275 445 517 518 secueris,
558 459 618 496 vt
635 442 772 496 hane
791 440 864 495 ob
886 439 1093 496 causam
1116 441 1217 495 iam
1243 441 1372 496 olim
1399 460 1681 498 PLEMPH
1737 445 1836 516 (m)
1878 461 2058 517 repre-

275 519 594 574 hensionem
618 518 928 571 incurreret.
978 557 985 559 -
1010 515 1497 587 Qemadmodum
1541 532 1721 572 autem
1759 518 2051 574 choroides

272 593 408 648 intra
444 590 777 647 scleroticam
837 592 1186 646 concentrica
1226 592 1576 664 expanditur,
1620 594 1690 646 ita
1727 590 1887 647 facies
1918 592 2056 648 illius

269 668 509 731 interna,
551 666 735 730 laeuis,
777 665 841 721 ab
874 663 1104 738 ingressu
1128 667 1281 720 nerui
1321 667 1493 740 optici
1529 667 1595 721 ad
1628 667 1893 740 originem
1935 684 2059 722 cor-

269 742 422 818 poris
445 741 633 797 ciliaris
656 760 825 814 Vsque
852 743 1051 795 retinae
1089 741 1158 796 ita
1184 741 1479 804 incumbit,
1509 755 1570 796 vt
1592 741 1664 795 illi
1698 741 1897 815 vbique
1924 761 2057 798 con-

275 818 454 890 tigua,
498 834 676 890 neque
701 817 812 870 vllo
841 814 1011 889 spatio
1033 817 1261 870 cliremta
1296 816 1392 881 fit,
1432 818 1482 870 &
1519 817 1654 870 duae
1698 815 1815 870 illae
1846 818 2058 872 tunicae

270 893 325 947 in
344 892 572 946 homine
595 889 718 945 sano
748 889 1058 946 exactiffime
1079 891 1280 964 vbique
1304 891 1440 945 iuter
1458 890 1508 945 se
1533 907 1861 963 congruant,
1904 892 2055 965 quod

270 967 490 1041 quidem
523 965 745 1040 spatium
774 967 1146 1039 imaginarium
1183 965 1489 1021 naturaliter
1509 983 1682 1038 vapor
1719 966 1916 1039 replet,
1960 967 2055 1039 qui

270 1042 522 1114 impedit,
562 1061 674 1115 quo
707 1041 882 1096 minus
908 1042 1043 1095 duae
1069 1042 1187 1095 illae
1207 1041 1418 1095 tunicae
1453 1041 1590 1096 inter
1615 1038 1666 1096 se
1705 1039 2056 1097 concrescere

230 1169 238 1173 .
275 1114 503 1190 poffint3
542 1116 813 1170 interdum
842 1133 1024 1171 autem
1052 1134 1118 1169 ex
1149 1115 1278 1185 yitio
1304 1115 1357 1169 in
1386 1134 1576 1189 aquarn
1622 1117 1839 1170 coactus
1875 1133 2053 1189 reper-

272 1207 360 1248 tus
381 1190 506 1254 fuit,
536 1193 626 1262 (n)
668 1210 803 1264 quae
829 1191 1017 1245 maiori
1040 1191 1198 1262 copia
1225 1190 1279 1244 in
1303 1190 1433 1246 illud
1474 1189 1698 1263 spatium
1738 1187 1895 1245 effusa
1930 1189 2054 1246 reti-

270 1285 396 1321 nam
419 1266 619 1337 vbique
644 1263 728 1318 sua
754 1262 872 1319 sede
893 1266 947 1319 in
975 1265 1215 1319 medium
1245 1264 1578 1338 compulsam
1605 1265 1659 1318 in
1680 1264 1910 1337 cylindri
1935 1263 2054 1319 for-

269 1359 414 1395 mam
433 1340 723 1405 contraxit.
770 1345 855 1407 (0)
930 1338 988 1394 N
996 1338 1141 1392 ullibi
1167 1355 1347 1393 autem
1377 1341 1536 1394 altera
1571 1339 1756 1394 tunica
1785 1338 1934 1393 alteri
1964 1338 2052 1392 ad.-

269 1414 476 1478 haeret‚
514 1433 690 1487 neque
728 1412 1066 1468 cellulofitate
1091 1414 1315 1485 quadam
1337 1455 1349 1475 ‚
1386 1432 1564 1485 neque
1595 1410 1815 1467 vasculis
1836 1414 1900 1467 ab
1923 1412 2050 1468 alte-

271 1508 329 1545 ra
351 1489 409 1544 in
434 1489 650 1544 alteram
673 1485 1063 1543 transeuntibus
1087 1490 1222 1541 duae
1249 1487 1364 1541 illae
1392 1488 1602 1543 tunicae
1623 1487 1765 1543 inter
1786 1484 1838 1541 se
1856 1487 2051 1542 cohae-

266 1581 414 1628 rent,
444 1566 494 1618 &
518 1565 702 1619 iterata
729 1563 1056 1636 experientia
1084 1560 1250 1617 fretus
1272 1581 1395 1616 cum
1420 1562 1494 1616 lll.
1522 1581 1560 1616 H
1578 1583 1609 1616 A
1627 1581 1742 1618 LLE
1762 1580 1846 1618 Ro
1885 1561 2050 1618 aufim

267 1637 556 1703 affirmare,
600 1658 628 1692 a
655 1637 786 1692 facie
809 1639 1016 1708 interna
1051 1637 1327 1692 choroidis
1350 1638 1418 1690 ab
1457 1635 1684 1709 ingressu
1726 1637 1878 1691 nerui
1909 1637 2053 1710 opti-

268 1715 318 1769 ci
344 1714 469 1770 inde
493 1732 660 1787 Vsque
686 1714 749 1767 ad
783 1713 1226 1767 coniunctionem
1263 1709 1603 1783 processuum
1634 1710 1887 1766 ciliarium
1921 1729 2050 1766 cum

265 1807 474 1847 corona
507 1788 577 1845 fic
604 1787 742 1844 dicta
766 1787 928 1843 ciliari
945 1830 957 1853 ‚
999 1806 1069 1843 ne
1100 1786 1319 1842 Vnicum
1345 1786 1565 1861 quidem
1590 1783 1863 1842 vasculum
1890 1786 1945 1840 in
1968 1804 2050 1840 re·

1879 1873 2048 1932 tinam

334 2037 409 2093 (m)
448 2036 755 2091 Ophthalmagr.
797 2036 843 2082 C.
877 2033 992 2078 XVI.

1190 2027 1414 2088 fi’rtatiom‘
1448 2031 1532 2073 Cel.
1570 2045 1951 2086 SPROEGEL11‚
1982 2031 2047 2094 fi-

329 2126 395 2183 (u)
435 2125 552 2167 Num
576 2121 708 2166 fimile
733 2122 840 2181 quid
866 2121 976 2165 vidit
999 2134 1062 2163 vE
1080 2135 1124 2164 R-
1182 2096 1318 2155 stenti
1338 2096 1620 2152 experimenta
1642 2097 1752 2142 circa
1778 2101 1901 2143 varia
1923 2116 2046 2145 vene-

267 2206 357 2242 LE,
375 2192 449 2250 qui
472 2198 602 2235 etiam
626 2191 739 2234 inter
760 2190 943 2234 retinam
964 2192 1001 2231 &z
1024 2188 1125 2251 cho-

265 2259 438 2302 roidem
460 2258 692 2302 humorem
730 2272 915 2315 aqueum
955 2271 1124 2314 ponere

265 2325 468 2376 videtur,
505 2325 580 2367 vbi
607 2324 758 2378 pum‘ffa
792 2321 1006 2377 choy-aide,
1053 2325 1124 2366 vel

256 2401 389 2458 prope
419 2406 588 2434 neruum
610 2389 809 2445 optimum,
832 2392 1038 2433 humorem
1072 2405 1121 2432 α-

267 2473 412 2517 quemn
433 2472 619 2501 emanare
661 2456 824 2502 scribit.
862 2458 968 2502 Viti.
1001 2455 1120 2503 Oculi

262 2522 391 2586 artis]
413 2536 530 2572 anat,

328 2636 387 2692 (ο)
422 2634 524 2679 Vid.
551 2650 588 2679 M
606 2648 632 2677 o
649 2649 677 2678 R
692 2648 722 2679 G
740 2648 770 2678 A
787 2648 815 2676 G
829 2647 879 2677 N.
923 2630 1043 2691 epist.
1079 2648 1123 2677 a-

260 2713 350 2745 nat·
384 2701 538 2746 XVHl.
564 2702 719 2761 §.138.
759 2703 872 2744 Intra
897 2698 984 2743 hoc
1009 2715 1123 2758 quo-

267 2781 356 2825 que
376 2766 555 2825 spatium
572 2769 715 2812 sedem
741 2766 932 2811 habuisse
946 2767 1122 2811 videtur

264 2835 445 2880 morbus
469 2834 541 2878 ille
565 2836 710 2889 miruS,
735 2850 869 2893 quem
896 2833 956 2878 Ill.
990 2847 1058 2878 HA
1075 2849 1123 2879 L-

267 2913 294 2944 L
308 2915 332 2943 Ε
349 2915 373 2943 R
389 2915 413 2941 v
429 2916 444 2941 s
481 2902 520 2942 in
546 2905 799 2957 Programm.
831 2904 884 2945 de
904 2900 1122 2948 (induratis

266 2964 450 3022 corporis
463 2966 629 3012 humani
644 2969 1013 3024 partibusflnnexo
1034 2965 1122 3029 dif-

1194 2179 1247 2208 πα
1272 2164 1315 2206 in
1338 2163 1449 2208 vinis
1473 2163 1718 2208 animalibus
1748 2165 1965 2223 instituta.
2002 2168 2045 2228 §.

1194 2233 1314 2276 Vin.
1349 2231 1558 2293 graphice
1581 2232 1810 2293 descripsit.
1829 2236 1916 2278 Vbi
1937 2236 2048 2280 clio-

1192 2299 1306 2343 roitli
1345 2298 1515 2342 suberat
1560 2299 1711 2344 lamina
1748 2300 1913 2360 lapidea
1939 2336 1950 2356 ‚
1984 2302 2048 2346 illi

1189 2366 1464 2410 concentrica
1519 2366 1888 2426 haemisphaerico
1937 2385 2046 2415 cauo

1190 2431 1357 2485 similis,
1383 2448 1497 2492 quae
1522 2433 1826 2491 perforabatur
1849 2437 2046 2481 rotundo

1191 2500 1431 2553 foramine,
1469 2515 1561 2559 quo
1588 2517 1744 2546 neruus
1779 2503 1955 2560 opticus
1978 2503 2048 2548 su·

1192 2568 1259 2611 bit
1279 2601 1290 2619 ‚
1335 2562 1445 2611 intra
1492 2583 1622 2626 quam
1667 2583 1839 2613 caueam
1887 2586 2046 2617 neruus

1195 2634 1337 2693 quasi,
1379 2634 1470 2678 alba
1508 2650 1669 2694 nempe
1703 2636 1950 2691 cylindrus,
1988 2653 2047 2683 ex

1190 2700 1406 2747 foramine
1428 2703 1552 2747 nerui
1573 2703 1711 2762 optici
1738 2717 1856 2757 orta,
1891 2709 1929 2748 &
1949 2719 2048 2748 cor-

1191 2782 1345 2828 ruptae
1373 2768 1479 2812 lenti
1513 2768 1773 2824 crystallinae
1793 2770 2046 2824 adhaerens.

1192 2848 1395 2895 repertus
1422 2833 1518 2888 fuit,
1540 2835 1767 2896 vestigium
1790 2835 1911 2882 sorte
1926 2853 2047 2882 eom-

1190 2902 1357 2963 press‘ae
1388 2902 1554 2948 retinae
1583 2908 1624 2951 ὅ(
1658 2905 1934 2952 membranae
1963 2904 2045 2951 hu«

1191 2970 1324 3016 moris
1351 2962 1493 3015 vitrei,
