2356 3260
336 221 405 287 56
536 209 976 272 nnscnn‘ri'o
1017 204 1346 270 Astis-rom}
1375 209 1586 276 o'cvtx
1627 228 1923 275 HVMAm

347 358 524 418 minae
543 373 816 431 propago,
846 354 926 410 vti
948 371 1150 428 corpus
1171 350 1348 410 ciliare
1370 355 1637 415 interioris
1659 356 1996 416 continuatio
2013 356 2117 415 esse

350 433 614 494 videatur,
656 447 791 503 quae
817 428 1038 502 quidem
1063 429 1255 502 opinio
1279 429 1385 484 illis·
1404 429 1651 502 inprimis
1684 431 1982 502 probatur,
2019 434 2114 507 qui

347 505 670 564 choroidem
688 523 753 572 ex
772 503 976 559 duabus
1003 503 1605 576 lamellis'compofitam
1634 502 1734 561 esse
1772 505 1864 561 fibi
1906 505 2114 579 persua-

346 582 492 637 dent.
572 579 654 634 Re
675 595 852 634 autem
878 579 1174 635 accuratius
1195 578 1490 634 examinata
1514 575 1631 652 ipse
1658 579 1932 635 orbiculus
1969 580 2118 637 cilia-

345 654 417 712 ris
442 654 775 710 intercedere
796 652 929 709 mihi
951 653 1193 719 videtur,
1223 671 1335 726 quo
1356 653 1532 708 minus
1555 651 1842 710 choroides
1875 660 1931 709 in
1951 651 2118 726 ipsam

346 729 540 786 iridem
577 729 904 801 degenerare
932 726 1122 801 poffit.·
1168 728 1286 783 <Vt÷
1316 725 1750 784 enimdiuersam
1783 728 2122 785 iridisvfabrii..

345 821 492 868 cam,
534 801 846 867 craffitiem,
896 803 949 857 &
992 799 1835 875 dire&ionem‚;*<decursumque
1876 800 2120 858 vasculo-

346 896 468 935 rum
506 877 648 933 illam
679 876 1105 951 perreptantium
1135 872 1411 933 'diuersum
1453 895 1601 931 nunc
1626 892 1829 932 taceam
1852 910 1875 941 ·‚
1913 887 2018 950 qua
2047 877 2116 932 de

347 970 408 1009 re
430 949 651 1008 inferius
680 951 921 1026 pluribus
943 969 1188 1024 agemus3
1223 969 1338 1006 non
1372 948 1548 1005 solum
1571 956 1631 1006 in
1650 949 1873 1006 homine
1901 948 1988 1005 sed
2023 951 2117 1005 ad-

350 1025 462 1084 huc
490 1024 815 1082 manifestius
856 1025 913 1080 in
952 1025 1197 1098 plurimis
1231 1024 1545 1081 animalibus
1579 1041 1827 1099 apparet,
1864 1024 2119 1080 laminam

349 1101 678 1159 anteriorem
697 1100 871 1163 iridis,
896 1118 926 1154 a
958 1117 1192 1156 corneae
1219 1099 1439 1155 interno
1467 1098 1674 1155 ambitu
1702 1116 1894 1162 ortam,
1911 1097 1981 1153 fic
1994 1113 2119 1153 ante

350 1172 661 1232 cellulosam
689 1173 838 1229 illam
856 1172 1201 1237 descendere,
1240 1187 1302 1227 vt
1322 1172 1430 1244 ipsa
1453 1174 1541 1229 iris
1557 1214 1570 1237 ,
1593 1188 1715 1229 tota
1733 1172 1950 1229 craffitie
1972 1172 2119 1227 orbi-

352 1251 463 1305 culi
495 1249 679 1304 ciliaris
715 1245 1036 1319 interpofita
1056 1247 1303 1319 plurimis
1328 1247 1388 1301 in.
1412 1247 1721 1302 animalibus
1757 1246 1873 1302 satis
1908 1249 2120 1317 magna,

349 1341 382 1379 a
401 1340 526 1379 vera
547 1321 810 1378 choroide
833 1321 1059 1377 diremta
1090 1318 1190 1375 esse
1226 1319 1484 1387 videatur.
1568 1318 1678 1393 Ipsa
1701 1335 1880 1376 autem
1906 1318 2121 1375 choroi-

352 1399 448 1455 des
473 1392 567 1452 sub
591 1395 842 1451 orbiculo
869 1394 1033 1450 ciliari
1052 1408 1357 1456 extenuata,
1397 1413 1426 1448 a
1458 1391 1760 1458 sclerotica‚
1787 1394 1924 1448 intra
1955 1410 2118 1465 quam

350 1472 420 1527 ad
466 1470 611 1526 hunc
641 1488 811 1544 vsque
849 1468 1035 1524 locuni
1080 1467 1425 1524 concentrica
1459 1467 1854 1540 expandebatur
1876 1509 1891 1532 ‚
1930 1464 2119 1521 senfim

348 1543 642 1602 introrsum
663 1542 860 1600 secedit
875 1585 889 1608 ‚
926 1543 1046 1600 &in
1068 1542 1233 1618 plicas
1255 1539 1599 1615 processuum
1622 1543 1882 1600 ciliariurn
1904 1540 2029 1605 abit,
2048 1540 2120 1596 de

349 1619 544 1696 quibus
565 1619 742 1679 statim
757 1636 993 1693 agemus.
1297 1670 1302 1672 ,
1624 1688 1626 1691 v
1707 1632 1713 1639 ·
1988 1637 1990 1639 ¹
2092 1643 2095 1645 ,

1984 2917 2128 2987 CA-
