2356 3260
618 188 765 257 c'AP5
806 196 883 235 ix.
927 193 1014 234 DE
1054 193 1309 235 NEers
1353 194 1579 234 ocvm.
1740 199 1744 202 ·
1881 194 1978 246 ¹97

207 323 317 378 lum
344 321 397 377 in
420 319 549 376 duas
574 335 749 394 partes
770 319 1009 392 aequales
1037 316 1386 381 diuidaS,sese
1410 318 1760 389 demergunt3
1781 314 1981 388 reliqua

203 415 327 471 pars
356 397 523 451 huius
558 396 692 449 rami
728 391 1009 468 superioris
1044 394 1208 465 longe
1251 393 1478 448 adlatus
1514 393 1784 447 internum
1823 390 1981 446 huius

202 470 455 534 musculi,
498 469 584 524 cui
605 468 770 524 multa
809 465 1056 524 cellulosa
1103 468 1427 531 anneffltur,
1468 467 1768 542 procurrit,
1804 467 1853 519 &
1889 466 1979 520 de-

203 565 359 601 mum
394 545 450 599 in
484 543 778 599 leuatorem
815 543 1097 617 palpebrae
1128 540 1310 596 definit
1349 548 1417 615 (y
1431 544 1472 612 ).
1563 541 1856 614 Nunquam
1890 558 1981 595 au-

204 635 313 675 tem
337 638 424 674 me
445 619 627 672 videre
658 617 907 682 memini,
950 614 1249 671 musculum
1272 616 1607 670 attollentem
1633 616 1842 670 ramulo
1869 613 1979 672 hoc

202 693 454 748 leuatoris
496 693 772 766 palpebrae
805 690 1139 765 perforatum
1163 732 1176 755 ,
1214 705 1304 745 aut
1327 688 1482 744 huius
1520 708 1729 744 ramum
1762 689 1826 744 ab
1860 687 1978 763 ipso

202 782 400 825 trunco
446 783 627 822 ortum
664 765 812 823 fuiffe
859 772 984 839 (z).

348 888 503 945 Alter
525 888 697 951 maior
721 891 770 944 ἅ
793 885 1013 944 inferior
1033 907 1242 953 ramus,
1286 888 1455 944 reelus
1481 904 1657 943 neruo
1682 881 1982 958 optic0,in÷

199 961 460 1020 cumbens
497 961 738 1019 musculo
760 963 1085 1038 deprimenti
1109 965 1248 1018 reela
1285 964 1662 1036 progreditur,
1694 964 1745 1016 ὃς
1777 962 1893 1033 post
1928 978 1980 1015 e-

198 1036 439 1094 mensum
471 1038 676 1111 aliquot
699 1038 955 1094 linearum
986 1037 1327 1108 interuallum
1353 1036 1529 1092 subito
1552 1038 1606 1091 in
1645 1052 1751 1090 tres
1791 1032 1982 1092 diuidi-v

198 1128 287 1186 tur
314 1132 514 1177 ramos,
539 1131 773 1185 quorum
799 1114 925 1168 alter
949 1113 1174 1168 interior
1195 1113 1259 1167 ad
1279 1111 1581 1167 musculum
1607 1110 1980 1172 adducentem,

197 1188 408 1242 medius
434 1189 499 1243 ad
523 1188 913 1260 deprimentem
931 1231 943 1254 ,
983 1191 1032 1243 δε
1060 1189 1291 1243 exterior
1319 1189 1381 1242 ad
1403 1187 1684 1260 obliquum
1710 1184 1980 1238 minorem

197 1262 451 1335 procedit
481 1264 508 1334 (
521 1281 550 1317 a
579 1272 609 1322 ).
689 1263 961 1326 Interdum
986 1261 1223 1317 bifariam
1252 1261 1493 1325 finditur,
1517 1264 1566 1315 8(
1578 1300 1598 1325 ,
1625 1277 1778 1314 ramo
1803 1258 1866 1312 ad
1891 1257 1981 1312 ad-

136 1360 139 1364 ·
195 1337 485 1392 ducentem
510 1337 685 1402 edim,
709 1353 930 1394 truncus
952 1337 1158 1409 integer
1180 1355 1275 1410 per
1302 1337 1472 1391 lineae
1499 1339 1550 1392 8<
1588 1334 1721 1388 vltra
1752 1331 1980 1406 spatium

194 1409 524 1485 progressus,
565 1413 620 1465 in
642 1413 778 1467 duos
817 1414 1033 1466 demum
1069 1413 1180 1466 abit
1220 1429 1400 1466 ramos
1443 1409 1585 1477 (b),
1629 1427 1767 1481 quos
1803 1406 1976 1461 modo

194 1486 428 1543 diximus
444 1528 455 1549 ,
497 1487 531 1540 {i
555 1505 748 1560 nempe
775 1504 952 1540 ramus
974 1485 1182 1559 obliqui
1201 1486 1426 1539 minoris
1450 1502 1605 1539 ramo
1628 1479 1977 1556 deprimentis

194 1560 249 1614 in
275 1561 484 1632 origine
512 1560 702 1614 arelius
728 1557 1049 1616 anneelarur.
1131 1561 1505 1631 Qaecunque
1539 1574 1717 1612 autem
1746 1553 1876 1612 adfit
1901 1556 1980 1613 di-z·

195 1633 327 1687 vilio
350 1675 362 1697 ,
401 1651 577 1687 ramus
597 1635 837 1687 internus
859 1653 887 1687 a
916 1649 1110 1688 trunco
1135 1634 1303 1689 statim
1334 1634 1552 1706 oblique
1575 1630 1867 1687 introrsum
1904 1628 1978 1705 ses

196 1708 364 1771 cedit,
403 1704 538 1760 infra
565 1725 790 1760 neruum
820 1708 1092 1780 opticum,
1133 1710 1183 1764 ἃς
1209 1710 1264 1762 in
1292 1706 1591 1764 musculum
1621 1707 1978 1762 adducentem

194 1780 246 1837 se
286 1782 547 1836 immittit.
639 1780 840 1835 Ramus
875 1783 1083 1837 medius
1131 1782 1537 1856 neruo’optico
1576 1779 1871 1844 subirem&
1921 1780 1977 1835 in

194 1857 373 1912 trunci
399 1854 507 1909 fere
532 1855 825 1909 direffione
849 1858 1031 1927 pergit
1049 1899 1062 1918 ,
1105 1859 1153 1911 ὃς
1176 1858 1360 1912 itidem
1400 1859 1454 1911 in
1480 1854 1777 1921 musculum
1801 1855 1977 1928 depri-

196 1947 437 2005 mentem
464 1928 644 1983 multis
668 1928 812 1983 fibris
833 1929 1191 1997 distribuitur,
1228 1932 1475 2004 proxime
1508 1931 1675 2002 priori
1704 1929 1863 1997 paulo
1899 1928 1978 1984 tess

192 2006 379 2068 nuior,
419 2021 477 2059 vt
502 2001 608 2076 ipse
635 2003 900 2059 musculus
920 2005 1225 2078 deprimens
1252 2006 1540 2061 adducent}
1568 2003 1786 2060 eraffitie
1819 2005 1974 2061 cedit.

195 2079 420 2136 Tertius
451 2080 679 2150 denique
718 2097 922 2146 ramus,
962 2081 1054 2153 qui
1093 2078 1204 2135 fere
1238 2081 1445 2154 semper
1482 2080 1592 2135 edit
1637 2080 1869 2135 radicem
1908 2080 1976 2134 ad

192 2155 448 2228 ganglion
474 2151 889 2226 opthalmicum,
932 2154 1070 2210 inter
1095 2153 1394 2210 musculum
1422 2152 1782 2210 abducentem
1808 2155 1858 2210 ἃ
1886 2152 1978 2209 de-

192 2231 524 2304 primentem
560 2225 868 2302 longiflime
888 2230 1188 2304 procurrit,
1231 2232 1281 2285 &
1305 2229 1472 2285 bulbo
1501 2229 1645 2284 oculi
1669 2231 1839 2285 tee’tus
1865 2245 1979 2283 me-

1858 2316 1980 2373 diae

255 2475 340 2531 (51)
378 2475 631 2531 Vtrumque
669 2472 811 2533 pingit
837 2489 1049 2519 EVSTA-
1120 2489 1259 2520 Low.
1297 2474 1337 2534 §.
1374 2488 1442 2519 21.
1461 2477 1499 2521 &z
1521 2474 1664 2535 pingit
1689 2473 1751 2519 Ill.
1770 2473 1977 2520 HALLE'ss

194 2556 364 2587 cuivs
413 2543 460 2587 T.
488 2541 700 2602 vaf.
728 2557 765 2586 1.
802 2557 840 2597 3.
868 2558 915 2597 4.
1119 2557 1239 2587 Rvs.
1277 2543 1351 2587 loc.
1380 2546 1454 2587 cit.

261 2609 348 2665 (z)
387 2609 513 2650 Hanc
567 2609 816 2652 sententiam
877 2611 1053 2669 profert

193 2689 473 2718 WINSLOW
514 2675 587 2718 Tr.
629 2674 703 2718 der
744 2678 861 2735 nerfr
904 2680 1044 2732 §.aa
1178 2672 1253 2731 (b)
1290 2674 1416 2720 Talia
1439 2675 1581 2736 pingit
1601 2688 1979 2721 EVSTACHIVS'

193 2757 224 2787 n
240 2757 263 2786 E
280 2757 405 2786 ιετε
423 2756 449 2784 κ
483 2740 691 2805 compend,
723 2756 840 2787 anat.
865 2756 914 2806 p.
943 2747 1046 2790 162.
1101 2743 1143 2806 f.
1175 2758 1259 2798 ¹·3·
1284 2759 1333 2805 4.
1352 2747 1391 2787 ἃ
1411 2742 1544 2787 habet
1576 2757 1631 2787 vi
1647 2756 1898 2788 evssews.
1923 2754 1988 2806 ρῳ

259 2829 336 2888 (a)
368 2830 495 2875 Hanc
509 2827 714 2876 fabricam
736 2830 946 2877 habeth
961 2847 1065 2876 Ns-.
1124 2827 1137 2853 ¹
1151 2813 1231 2864 ⁶7¹
1862 2830 1866 2832 ’

1104 2922 1281 2994 Bb3
