2356 3260
711 183 968 223 CAP.XL
1010 181 1097 221 DE
1139 180 1602 223 VENISOCVLL
1934 186 2031 239 227

254 307 447 382 ptione
490 304 827 362 breuiffimus
871 324 1032 360 venas
1075 306 1426 378 opthalmicas
1470 323 1644 379 prope
1681 302 2029 361 insertionem

253 383 312 437 in
347 379 681 455 receptacula
714 394 873 436 vocat
898 378 1035 434 finus
1075 381 1385 444 orbitari05‚
1420 399 1521 435 nec
1563 379 1852 454 quidquam
1889 381 2031 436 addi-

252 458 360 521 dit,
413 470 649 530 quorum
687 453 861 511 sedem
912 474 1280 511 LIEVTAVD
1325 457 1421 526 (l)
1474 456 1765 510 accuratius
1806 455 2030 513 definire

252 531 430 587 studet
454 531 596 587 inter
628 550 724 604 par
756 527 960 586 sextum
996 531 1046 584 8<
1092 548 1318 584 neruum
1362 529 1776 602 opthalmicum.
1855 532 2030 587 Hm-

250 624 506 661 STERvs
550 608 649 678 (m)
692 623 848 660 venas
863 603 1188 659 choroideae
1211 604 1448 659 breuiter
1481 601 1734 678 describit
1768 623 1832 660 ex
1863 605 2031 662 oculo

250 679 455 735 bubulo
482 685 752 734 mercurio
798 677 1042 751 repletaS.
1118 677 1345 751 Reperit
1380 679 1455 733 ibi
1494 678 1850 733 anastomoses
1878 682 1926 734 ὃς
1951 680 2029 735 iu-

250 772 315 827 ga
346 772 498 809 more
524 754 831 810 arteriarum
847 754 901 808 in
922 754 1215 825 ligamento
1233 754 1398 807 ciliari
1419 750 1566 817 skufta,
1587 754 1637 806 8(
1656 753 1918 808 circulum
1937 773 2030 812 ve-

249 826 443 883 nosum
470 827 726 885 arterioso
751 825 995 890 similem,
1025 827 1166 882 vnde
1192 826 1381 900 ramuli
1400 827 1627 882 maiores
1656 827 1849 883 eodem
1883 829 2029 894 loc0.

246 921 360 977 quo
385 903 661 959 arteriolae
686 904 938 958 intrantes
972 899 1302 960 scleroticam
1335 900 1614 975 perforant
1639 905 1689 958 &
1715 902 1844 957 retia
1881 902 2028 959 vaso-

245 996 368 1034 rum
392 980 444 1033 in
470 979 643 1033 orbita
665 977 1019 1042 constituunt,
1051 980 1101 1034 3<
1120 977 1245 1032 inde
1267 977 1331 1032 ad
1356 993 1637 1050 Vtramque
1662 995 1851 1032 venam
1874 978 2026 1052 iugu-

246 1052 412 1107 larem
448 1051 759 1127 sanguinem
795 1052 1074 1110 reuehunt.
1153 1053 1212 1108 ln
1241 1050 1414 1108 oculis
1445 1051 1690 1108 humanis
1721 1071 1883 1109 venas
1907 1072 2023 1111 non

245 1126 532 1202 indagauit.

384 1241 941 1300 HEVERMANNVS
965 1242 1074 1315 (n)
1112 1239 1361 1307 affirmat,
1399 1258 1723 1301 ALssxNVM
1749 1264 1911 1302 venas
1932 1264 2016 1304 ce-

241 1334 301 1374 ra
322 1314 619 1390 repleuiffe‚
658 1317 807 1390 plura
830 1333 1010 1373 autem
1030 1335 1141 1371 non
1161 1314 1323 1372 affert.
1403 1316 1461 1370 In
1489 1315 1812 1392 strangulatis
1833 1336 2014 1379 tamen

188 1392 198 1396 ’“
241 1391 380 1447 vidit
393 1389 744 1447 anastomoses
765 1410 1019 1447 venarum
1039 1392 1176 1446 circa
1199 1391 1423 1447 bulbum
1444 1394 1605 1451 oculi.
1620 1394 1735 1449 Cel.
1752 1414 1789 1448 H
1804 1416 1835 1450 E
1850 1414 1879 1449 Β
1900 1417 1933 1451 E
1950 1416 2015 1452 N-

241 1484 497 1522 STREIT
549 1470 646 1533 (0)
683 1465 841 1520 habet
875 1483 1066 1521 venam
1099 1466 1435 1529 orbitariam‚
1478 1485 1572 1538 per
1605 1467 1833 1523 fiffuram
1866 1467 2015 1542 sphe-

240 1540 604 1610 nopalatinam
643 1556 711 1593 ex
745 1539 918 1594 orbita
951 1556 1260 1603 exeuntem,
1286 1537 1545 1596 diuersam
1578 1560 1605 1595 a
1657 1543 2013 1615 singularibus

240 1615 416 1677 venis,
445 1632 579 1686 quae
601 1613 665 1666 ad
685 1613 828 1666 basin
851 1614 1102 1668 caluariae
1124 1629 1558 1669 retrouertuntur
1577 1658 1588 1679 ,
1631 1618 1679 1671 &
1701 1615 2012 1690 sanguinem

239 1688 514 1743 internum
539 1686 684 1740 oculi
709 1685 994 1751 reuehunt,
1036 1706 1169 1759 quae
1196 1689 1414 1761 quidem
1438 1687 1725 1763 descriptio
1757 1710 1880 1747 cum
1915 1695 2013 1750 ob-

238 1759 622 1819 seruationibus
642 1760 772 1815 meis
796 1760 946 1815 nullo
974 1763 1146 1817 modo
1192 1763 1460 1834 congruit.
1537 1763 1578 1819 F
1593 1785 1625 1819 E
1640 1785 1670 1821 R
1687 1785 1720 1822 R
1737 1787 1769 1821 E
1786 1787 1804 1822 1
1822 1787 1862 1824 N
1880 1834 1883 1835 ⁷
1905 1771 2010 1841 (p)

240 1837 458 1892 venulas
482 1835 628 1890 iridis
653 1853 773 1891 cera
805 1835 1059 1908 repletaS,
1098 1834 1191 1892 sub
1222 1838 1425 1892 circulo
1461 1838 1716 1895 arterioso
1752 1842 1816 1896 ad
1851 1862 2012 1900 venas
2084 1895 2089 1897 ,

239 1913 466 1967 maiores
489 1909 766 1966 choroidis
783 1910 957 1966 redire
986 1911 1134 1967 vidit.
1215 1913 1398 1968 Venae
1417 1913 1775 1985 opthalmicae
1794 1915 2010 1974 histori-

238 2005 326 2042 am
352 1987 582 2041 multum
605 1985 747 2041 auxit
765 1984 838 2040 lll.
866 2004 904 2039 H
921 2005 960 2042 A
979 2004 1009 2040 L
1024 2005 1056 2040 L
1075 2005 1104 2040 E
1123 2005 1158 2042 R
1174 2005 1243 2041 vs
1283 1988 1381 2059 (q)
1397 2030 1409 2051 ‚
1438 1987 1529 2061 qui
1551 1989 1655 2042 iam
1678 1990 2011 2050 animaduer-

239 2062 331 2125 tit,
374 2077 563 2116 contra
584 2059 856 2131 vulgarem
883 2061 1202 2133 opinionem
1220 2103 1233 2125 ‚
1271 2081 1462 2116 venam
1485 2062 1624 2117 hanc
1649 2071 1868 2122 arteriae
1893 2087 2007 2123 non

239 2134 342 2192 esse
369 2134 484 2191 satis
512 2134 753 2199 similem,
794 2133 880 2190 etii
907 2135 1107 2208 pariter
1128 2135 1328 2190 ciliares
1362 2135 1446 2191 sed
1474 2138 1672 2192 medias
1695 2158 1886 2196 omnes
1906 2184 1918 2206 ‚
1957 2145 2007 2198 ὃ(

238 2208 458 2273 nasales,
489 2210 538 2264 ὃς
572 2209 908 2282 meningeam
936 2228 1031 2284 per
1055 2208 1284 2265 fiffuram
1310 2209 1436 2266 offis
1453 2208 1763 2284 sphenoidis
1793 2215 1885 2271 alis
1924 2216 2003 2271 in-

238 2286 514 2342 terieehim
535 2283 599 2338 ad
625 2284 808 2338 duram
835 2300 1063 2340 matrem
1088 2285 1336 2342 remittat.
1407 2286 1636 2359 Optime
1655 2290 1893 2355 monuit,
1917 2309 2006 2348 ve-

238 2379 361 2415 nam
392 2358 532 2414 illam
553 2357 690 2412 finus
718 2377 918 2415 nomen
945 2359 1083 2414 ferre
1115 2380 1227 2416 non
1253 2357 1427 2433 posse,
1453 2362 1706 2435 illamque
1738 2366 2005 2437 pauciori-

238 2435 339 2491 bus
371 2433 659 2490 maioribus
699 2435 900 2489 truncis
933 2435 1163 2492 mediam
1200 2432 1534 2493 scleroticam
1568 2439 1866 2511 perforare,
1904 2459 2005 2497 nec

1871 2533 2010 2574 vena

302 2652 373 2713 (l)
413 2652 489 2711 Est.
512 2663 633 2700 anat.
646 2663 692 2715 p.
710 2661 815 2709 387.
1153 2656 1218 2701 ris
1259 2654 1377 2702 oculi.

305 2721 388 2777 (m)
420 2718 525 2778 Diffi
550 2718 599 2763 de
619 2719 794 2765 choroid.
807 2724 856 2778 ῥ’.
876 2721 950 2771 26.
1219 2720 1298 2787 (p)
1335 2726 1616 2775 Mcm.Ae.R.
1639 2725 1702 2773 Sc.
1723 2741 1738 2769 1
1755 2741 1844 2787 74¹-
1849 2737 1898 2791 p.
1913 2732 2002 2785 3813

307 2788 389 2846 (n)
430 2785 606 2847 Playsz'ol.
638 2788 687 2834 T.
726 2789 777 2832 11.
803 2789 844 2848 §.
876 2790 983 2840 762.
1216 2793 1297 2854 (q)
1334 2793 1452 2853 Fasc.
1494 2794 1571 2848 111,
1603 2797 1707 2842 icon.
1739 2805 1827 2846 art.
1848 2796 2003 2859 fac'iei.

303 2854 377 2914 (o)
413 2854 565 2917 Progr.
620 2851 671 2901 de
714 2856 824 2913 vasis
859 2855 1130 2976 sanguise-F
1152 2868 1239 2973 Ξοζ.
1275 2861 1350 2905 26.

1210 2938 1235 2974 Ζ
