2356 3260
370 207 700 246 CA-P.11.DE
741 204 898 244 TVN.
931 205 1219 246 CHOR.ET
1251 208 1563 249 PROCESS.
1589 210 1652 248 CI
1672 210 1856 250 LIAR.
1939 211 2007 265 77

243 328 428 383 nostro
457 344 704 401 tempore
726 327 910 383 cAMP
926 347 1088 383 E'Rvs
1118 330 1196 400 (c)
1227 329 1499 402 processus
1524 331 1726 387 ciliares
1746 337 1801 387 in
1823 329 2005 406 capsu-

240 402 344 456 lam
366 403 518 457 lentis
541 400 692 455 inseri
728 416 909 473 negat,
950 402 1370 475 illosquevnice
1399 406 1450 458 in
1488 408 1724 460 tunicam
1760 406 2003 461 humoris

240 476 396 531 vitrei
421 478 484 530 ad
508 475 733 547 aliquam
750 494 776 528 a
793 477 932 529 lente
953 475 1241 530 distantiam
1258 479 1329 530 im
1339 478 1576 549 plantari,
1592 499 1690 535 nec
1711 479 1873 551 ipsam
1887 479 2003 535 len-

240 564 353 604 tem
374 549 688 619 contingere
709 545 946 611 affirmat,
968 550 1017 603 ὃς
1041 568 1454 605 εΑεεΕΒοΗΜινε
1479 551 1570 621 (d)
1598 570 1831 607 extrema
1860 569 2004 609 ante-

237 619 737 694 riora-procelsuum
765 621 1017 675 ciliarium
1038 622 1200 677 libera
1224 621 1348 685 effe,
1386 625 1586 680 &lenti
1610 628 2002 697 circumposita,

237 693 427 750 diserte
441 694 610 749 asserit
625 698 724 765 (e).
740 692 848 767 lpse
866 696 1080 767 quidem
1103 697 1156 749 in
1177 694 1552 753 schediasmate
1577 700 1783 772 aliquot
1797 701 1898 753 iam
1914 701 2001 754 ab·

233 767 362 824 hinc
387 769 536 822 annis
561 770 708 824 edito
745 769 1118 842 experimentis
1148 772 1386 842 repetitis
1416 773 1665 828 euincere
1698 772 1999 837 allaboraui,

235 859 470 897 extrema
495 839 830 914 processuum
854 843 1105 898 ciliarium
1133 862 1368 899 coronae
1392 846 1609 917 quidem
1641 846 1800 900 ciliari
1820 847 1997 901 iunCta

226 915 329 987 -ipfi
358 916 531 968 tamen
560 913 798 987 capsulae
824 915 979 970 lentis
1003 915 1165 970 libere
1187 917 1522 983 incumbere,
1555 938 1654 974 nec
1674 919 1789 974 vllo
1810 920 1999 975 vincu-

231 988 289 1044 lo
313 989 617 1043 immediate
638 989 713 1042 illi
736 989 977 1058 adneffi(
990 992 1050 1060 f)
1070 1009 1084 1049 3
1104 990 1191 1044 cui
1210 988 1495 1046 sententiae
1519 1011 1632 1046 noa
1653 1011 1838 1065 parum
1855 992 1996 1066 pon-

231 1062 372 1116 deris
398 1063 603 1116 accedit
635 1081 700 1116 ex
735 1063 1039 1116 testimonio
1076 1061 1376 1134 grauissimo
1415 1065 1486 1120 lll.
1524 1085 1798 1121 HALLER
1818 1088 1864 1130 1,
1902 1067 1995 1139 qui

231 1135 287 1189 in
314 1134 675 1190 recentissimo
707 1136 844 1190 libro
871 1135 1142 1209 processus
1167 1137 1368 1193 ciliares
1393 1138 1567 1194 vitreo
1611 1139 1825 1195 humori
1858 1139 1995 1194 inni-

229 1210 416 1272 tentia,
431 1209 624 1263 lentem
650 1212 828 1280 potius
851 1212 1108 1281 attingere
1130 1229 1286 1282 quam
1310 1210 1646 1266 lentiinnasci
1669 1214 1884 1267 tradidit
1897 1216 1993 1287 (g).

228 1280 352 1335 Nec
380 1281 637 1353 plurimae
662 1282 724 1334 ab
745 1301 810 1336 eo
837 1300 1084 1354 tempore
1118 1282 1280 1337 fassae
1316 1281 1714 1338 obseruationes
1754 1287 1992 1340 animum

225 1368 434 1423 mutare
455 1373 542 1408 me
567 1352 764 1417 sinunt,
807 1352 1010 1426 semper
1035 1357 1175 1408 enim
1205 1354 1335 1411 mihi
1357 1358 1587 1428 contigit
1613 1359 1820 1420 videre,
1862 1377 1988 1414 cum

226 1443 420 1481 cornea
444 1427 701 1499 pellucida
723 1442 931 1481 remota
954 1427 1142 1480 iridem
1170 1428 1502 1483 transuerlim
1529 1429 1782 1484 discissam
1809 1432 1988 1486 &vol-

222 1495 343 1554 sella
384 1516 646 1572 arreptam
687 1518 875 1572 parum
918 1501 1183 1554 eleuarem
1230 1505 1282 1557 8(
1322 1501 1606 1557 cautiffime
1654 1504 1988 1569 reclinarem,

218 1572 510 1626 breuissima
531 1573 614 1627 illa
645 1571 984 1645 processuum
1022 1575 1279 1628 ciliarium
1313 1592 1573 1641 extrema,
1616 1577 1746 1632 lenti
1777 1578 1989 1632 incum-

222 1645 425 1709 bentia,
465 1647 651 1700 iridem
685 1645 753 1700 fic
784 1666 972 1717 parum
1002 1646 1253 1702 sublatam
1272 1691 1285 1712 ,
1310 1647 1558 1704 facillime
1583 1651 1749 1706 statim
1777 1649 1985 1720 semper

219 1716 405 1791 sequi,
444 1717 549 1772 fine
580 1718 690 1772 vllo
723 1721 1074 1774 connexionis
1108 1740 1231 1774 cum
1270 1722 1412 1777 lente
1446 1724 1670 1787 indicio,
1707 1744 1806 1781 nec
1839 1726 1984 1780 illam

220 1810 454 1864 vnquam
478 1808 584 1846 tam
613 1792 752 1847 lente
777 1808 878 1847 tam
905 1811 1092 1860 parum
1119 1792 1267 1864 posse
1291 1795 1480 1850 eleuari
1504 1798 1552 1850 <Sc
1575 1797 1777 1852 detrahi
1794 1841 1808 1862 ,
1849 1804 1982 1871 quin

220 1865 302 1918 illa
330 1881 561 1919 extrema
585 1865 755 1919 statim
777 1884 806 1919 a
852 1866 1004 1920 lentis
1036 1865 1242 1938 capsula
1282 1870 1538 1923 disiunffla
1574 1870 1848 1935 secedant,
1888 1870 1981 1926 etfi

218 1940 414 2010 reliqua
435 1957 553 2011 pars
575 1939 839 2010 posterior
866 1958 1101 1994 coronae
1138 1940 1300 1996 ciliari
1334 1941 1619 1997 firmiffime
1653 1943 1858 2018 semper
1891 1963 1979 2017 ag-

216 2012 713 2083 glutinatamaneat.
792 2012 846 2067 Si
865 2032 1040 2067 autem
1066 2013 1160 2067 alia
1185 2017 1602 2088 praeparatione,
1625 2018 1808 2073 ablatis
1830 2025 1976 2073 tuni-

216 2086 291 2139 cis
316 2086 461 2140 oculi
489 2084 883 2158 haemisphaerii
906 2085 1187 2160 superioris
1212 2089 1275 2141 ad
1304 2090 1609 2144 orbiculum
1637 2093 1869 2147 ciliarem
1889 2110 1976 2147 vs-

216 2175 334 2230 que,
352 2177 447 2230 per
470 2158 754 2215 humorem
778 2162 1006 2217 vitreum
1028 2160 1084 2214 in
1100 2160 1439 2228 situ-naturali
1460 2161 1784 2236 superstitem
1808 2181 1975 2219 trans-

1752 2236 1975 2311 spicien-

281 2389 346 2447 (c)
380 2390 488 2449 Diffi
512 2394 584 2434 cit.
608 2402 692 2453 cap.
715 2391 766 2435 11.
799 2390 841 2450 §.
875 2393 929 2439 V.
961 2403 1052 2454 cap.
1121 2391 1173 2434 ab
1202 2391 1387 2436 humore
1414 2383 1657 2450 crystallino
1683 2394 1868 2439 solutum
1892 2397 1974 2440 ob·

210 2456 282 2499 111.
320 2457 472 2518 quaest.
501 2473 546 2508 4.
570 2472 611 2500 n.
644 2472 682 2510 3.
738 2476 741 2481 ’
1120 2458 1311 2504 seruasse.
1347 2461 1533 2522 eptst.cit
1577 2463 1712 2506 XVII.
1741 2462 1971 2519 §.19.Sed

276 2521 348 2576 (d)
381 2519 632 2584 Libr.cit.p.
654 2536 750 2576 325.
1118 2528 1157 2567 &
1184 2524 1272 2582 ipse
1295 2540 1341 2568 W
1360 2542 1373 2569 ι
1389 2542 1422 2570 N
1443 2541 1671 2571 >L0st
1709 2527 1876 2584 vbique
1903 2528 1969 2570 in-

274 2588 338 2641 (e)
373 2587 800 2642 MORGAGNws,
832 2587 907 2633 etsi
948 2588 1048 2632 alibi
1118 2589 1354 2635 fertionem
1403 2593 1679 2651 processuum
1719 2593 1765 2635 in
1800 2593 1966 2636 lentem

207 2651 264 2696 de
299 2650 531 2696 insertione
570 2654 770 2711 corporis
809 2655 962 2698 ciliaris
1006 2656 1049 2698 in
1118 2656 1227 2700 silet.

208 2717 418 2775 capfiilam
444 2718 569 2762 lentis
584 2735 670 2762 non
687 2720 884 2764 dubitare
904 2715 1049 2764 ‘videa-
1186 2722 1275 2784 (s)
1310 2723 1411 2766 Vid.
1447 2725 1600 2784 Progr.
1641 2722 1697 2768 de
1741 2702 1970 2785 ltgamtnt.⁷

206 2795 301 2834 tur,
333 2783 421 2841 ipse
443 2797 584 2828 tamen
605 2785 762 2829 fatetur
777 2817 788 2837 ‚
825 2786 924 2829 sein
943 2801 1046 2830 ocu·
1118 2788 1423 2847 ciliar.§.v11.
1445 2790 1562 2833 vm.

202 2847 250 2918 lo
274 2848 440 2894 bouillo
462 2850 694 2909 congelato
724 2867 882 2912 corpus
902 2853 1045 2897 ciliare
1182 2862 1197 2896 (
1210 2856 1274 2915 g)
1309 2854 1519 2917 Descrt'pt.
1539 2865 1674 2898 arter.
1697 2854 1813 2899 oculi,
1830 2865 1966 2919 p.48‚

1107 2920 1202 2977 Kg
