2356 3260
336 192 440 244 228
560 198 988 238 DESCRIPTIO
1024 195 1588 238 ANATOM.OCVL1
1635 198 1927 241 HVMANI

335 341 472 379 vena
502 323 748 381 centralis
781 324 982 379 retinae
1018 321 1329 380 industriam
1357 323 1494 382 illius
1529 320 1716 397 effugit
1756 324 1874 396 (r).
1951 324 2121 399 Inpri-

333 398 439 456 mis
459 413 638 455 autem
666 396 928 453 summam
948 398 1161 454 laudem
1185 415 1449 465 meretur,
1491 400 1584 474 qui
1617 404 1825 472 primus
1848 395 1965 455 vasa
1994 418 2120 456 vor-

336 469 503 530 ticosa
535 474 694 530 vnice
728 471 831 531 effe
864 470 1062 531 venosa
1093 473 1283 530 docuit
1322 477 1445 548 (5).
1513 476 1596 531 Eo
1630 479 1801 547 magis
1838 490 2019 539 autem
2054 475 2121 531 ad

337 547 639 620 indaganda
680 546 798 605 vasa
829 547 1029 605 venosa
1079 548 1227 605 oculi
1275 556 1568 607 excitatum
1609 568 1699 604 me
1739 548 1888 605 fuiffe
1924 547 2120 616 fateor,

338 624 491 698 quod
539 642 926 681 nnisTERvs
949 668 962 690 ,
1022 626 1248 690 tomi,
1297 626 1758 682 HEVERMANN
1795 666 1811 691 ‚
1861 643 2122 681 HEBEN-

334 716 595 756 STREIT
623 701 672 754 &
693 699 777 755 alii
800 700 867 755 de
895 700 1217 760 extricandis
1242 700 1343 758 illis
1377 700 1492 758 fere
1520 699 1888 776 desperare,&
1912 700 2119 758 dubita-

335 791 395 830 re
424 774 704 832 videantur
729 817 743 842 ,
783 793 849 831 an
872 775 1103 832 omnino
1134 775 1335 850 repleri
1368 775 1576 850 poffint.
2043 774 2047 777 ⁵

1131 919 1178 988 §.
1244 918 1315 977 II.

519 1034 854 1127 Defirt'ptio
881 1041 1085 1106 trunci
1113 1065 1308 1107 venae
1339 1042 1581 1128 eiusque
1606 1061 1936 1108 ramorum.

483 1175 637 1231 Vena
663 1175 1509 1252 opthalmica,vEsA1.10(t)‚&
1535 1179 1987 1251 FALLOPIOQA)
2011 1175 2119 1231 iam

333 1249 498 1315 dieta,
533 1251 734 1316 oritur,
775 1256 888 1323 (ita
913 1251 1062 1326 loqui
1087 1250 1162 1308 fas
1186 1251 1337 1320 esto)
1381 1272 1446 1308 ex
1471 1254 1815 1328 receptaculo
1851 1254 1981 1308 loco
2009 1252 2119 1325 pla-

335 1343 408 1380 ne
431 1326 725 1382 recondito
751 1324 887 1382 infra
912 1327 1156 1383 arteriam
1180 1327 1480 1384 carotidem
1496 1371 1510 1394 ,
1549 1330 1640 1385 vbi
1676 1349 1739 1386 ex
1764 1326 1912 1384 offeo
1948 1324 2117 1382 canali

333 1398 531 1473 egreffa
558 1399 852 1458 transuersa
883 1403 1184 1459 antrorsum
1218 1405 1420 1476 pergit,
1456 1406 1507 1459 &
1539 1404 1691 1470 inde,
1727 1399 2117 1478 sub'proceffi·

333 1474 433 1530 bus
456 1476 734 1532 clinoideis
761 1477 1117 1533 anterioribus
1139 1476 1431 1533 introrsum
1449 1475 1722 1535 adscendit
1737 1523 1751 1544 ‚
1783 1480 1924 1535 reeh
1945 1476 2020 1531 ibi
2045 1494 2114 1531 o·

333 1550 508 1622 rigine
539 1555 721 1606 neruis
744 1550 958 1607 tertii&
977 1549 1105 1607 sexti
1129 1557 1285 1626 paris,
1364 1552 1455 1607 Ab
1480 1552 1565 1606 illa
1585 1553 1713 1608 inde
1734 1553 1944 1625 origine
1972 1552 2115 1606 inter

333 1642 564 1680 neruum
597 1622 725 1680 sexti
749 1631 889 1699 paris
913 1629 965 1681 8(
1000 1627 1162 1682 durae
1191 1631 1376 1684 matris
1401 1626 1651 1680 laminam
1682 1627 1897 1682 alteram
1929 1624 2114 1681 cranio

332 1697 634 1755 firmiffinie
653 1699 1005 1756 ibi—annexam
1028 1697 1327 1757 antrorsum
1351 1699 1551 1773 pergit,
1590 1703 1643 1757 ὅ(
1664 1700 1816 1756 simul
1836 1699 2117 1773 paululum

333 1771 635 1839 descendit,
675 1791 738 1831 vt
763 1773 897 1831 infra
925 1794 1154 1831 neruum
1185 1772 1312 1832 sexti
1336 1776 1476 1848 paris
1503 1791 1756 1850 emergat.
1835 1777 1999 1832 Hanc
2033 1775 2115 1830 in-

336 1850 526 1923 primis
577 1865 787 1924 partem
824 1868 1247 1907 wrNsrowvs
1299 1851 1415 1920 (x)
1467 1850 1517 1904 δε
1561 1869 1683 1906 eum
1731 1849 1897 1907 secuti
1933 1869 2116 1907 rinv-

333 1943 528 1981 TAvD
563 1927 687 1998 (y),
730 1943 1159 1982 GARENGEOT
1201 1930 1328 1995 (z),
1369 1923 1537 1979 smum
1560 1926 1878 1982 orbitarium
1914 1943 2114 1982 vocare

333 1999 613 2062 videntur,
650 1999 810 2055 nimis
833 2017 1011 2056 tamen
1038 2018 1256 2074 paruam
1274 2042 1287 2062 ‚
1329 1999 1485 2055 nimis
1509 2018 1534 2054 a
1552 1999 1748 2057 fabrica
1774 2003 2111 2076 reliquorum

331 2075 542 2131 finuum
569 2074 857 2141 diuersam,
899 2093 1059 2149 quam
1082 2093 1140 2130 vt
1165 2075 1294 2130 illud
1321 2072 1458 2130 finus
1486 2094 1690 2131 nornen
1735 2078 1928 2133 mereri
1962 2073 2112 2150 poss'e

331 2149 590 2207 videatur.
670 2149 779 2206 Vix
817 2152 958 2205 enim
989 2166 1164 2206 totam
1202 2168 1396 2206 venam
1439 2151 1823 2222 opthalmicam
1867 2151 2002 2206 velle
2032 2151 2111 2206 vi-

331 2225 554 2290 dentur,
598 2243 766 2298 quum
798 2245 863 2281 ex
892 2224 1068 2282 orbita
1095 2226 1269 2282 allatas
1308 2243 1472 2281 venas
1501 2231 1558 2280 in
1590 2225 1762 2283 finum
1792 2227 1942 2283 illurn
1968 2225 2111 2282 orbi-

332 2299 525 2353 tarium
553 2298 707 2355 inseri
732 2299 1010 2357 affirment.
1089 2304 1507 2359 SANTORINi
1546 2303 1627 2374 (a)
1665 2319 1841 2359 autem
1869 2302 2109 2376 primum

335 2373 424 2429 ieu
447 2371 681 2449 superius
714 2375 1029 2432 emiffarium
1061 2375 1200 2432 hanc
1235 2394 1400 2431 venae
1449 2376 1806 2450 opthalmicae
1839 2378 2108 2451 originem

331 2448 576 2524 appellat.
659 2450 957 2527 Postquam
984 2470 1118 2527 ergo
1151 2452 1236 2509 illa
1264 2449 1360 2508 sub
1389 2469 1562 2508 neruo
1595 2450 1746 2512 sexto
1788 2456 1845 2512 in
1883 2448 2110 2583 corgfpe·

1988 2545 2114 2585 um.

387 2687 475 2748 (r)
510 2687 639 2750 Phys}=
651 2693 785 2751 prim.
800 2688 877 2733 lin.
899 2691 948 2744 ff.
974 2688 1119 2734 DXX.
1314 2689 1398 2746 (u)
1439 2684 1599 2749 Obstru.
1624 2700 1747 2736 anat.
1766 2689 1839 2734 loc.
1863 2691 1939 2737 cit.

396 2756 475 2811 (s)
510 2755 630 2818 Faft.
673 2758 770 2801 VH.
817 2761 922 2801 icon.
975 2768 1066 2804 art.
1116 2770 1181 2822 op·
1321 2755 1395 2815 (x)
1438 2758 1509 2801 Tr.
1532 2754 1645 2801 dela
1667 2769 1764 2803 tete.
1800 2760 1846 2813 ,οἳ
1870 2769 1943 2814 29.

326 2819 476 2866 thalm.
505 2836 552 2884 p.
575 2839 659 2882 47.
1315 2825 1405 2885 (y)
1435 2824 1509 2867 loc.
1555 2829 1628 2868 cit.

389 2889 467 2945 (t)
500 2892 564 2934 De
586 2896 767 2956 corporis
793 2889 903 2936 hum.
918 2887 1045 2953 fabr.
1080 2891 1128 2940 L.
1146 2890 1180 2935 Ι.
1316 2893 1402 2949 (z)
1432 2890 1698 2955 Splancbnol.
1729 2889 1779 2935 T.
1801 2890 1856 2935 Π.
1868 2901 1916 2954 p.
1941 2903 2034 2946 232,

318 2969 355 3000 t·
390 2969 447 2999 12.
904 2986 907 2987 ν
1313 2957 1401 3017 (a)
1440 2956 1743 3019 Obseru.anat.
1759 2959 1857 3024 Cap.
1882 2960 1954 3006 111.
1967 2958 2005 3017 §
2025 2970 2101 3018 27,
