<?xml version="1.0" encoding="UTF-8"?>
<!DOCTYPE html PUBLIC "-//W3C//DTD XHTML 1.0 Transitional//EN"
    "http://www.w3.org/TR/xhtml1/DTD/xhtml1-transitional.dtd">
<html xmlns="http://www.w3.org/1999/xhtml" xml:lang="en" lang="en">
 <head>
  <title>
</title>
<meta http-equiv="Content-Type" content="text/html;charset=utf-8" />
  <meta name='ocr-system' content='tesseract 3.04.00' />
  <meta name='ocr-capabilities' content='ocr_page ocr_carea ocr_par ocr_line ocrx_word'/>
</head>
<body>
  <div class='ocr_page' id='page_1' title='image "./descriptioanatom00zinn_0245.png"; bbox 0 0 2356 3260; ppageno 0'>
   <div class='ocr_carea' id='block_1_1' title="bbox 848 184 1509 299">
    <p class='ocr_par' dir='ltr' id='par_1_1' title="bbox 848 184 2027 299">
     <span class='ocr_line' id='line_1_1' title="bbox 848 184 1509 299; baseline 0.015 -6"><span class='ocrx_word' id='word_1_1' title='bbox 848 184 900 293; x_wconf 78' lang='grc' dir='ltr'>ἓ</span> <span class='ocrx_word' id='word_1_2' title='bbox 1035 185 1206 297; x_wconf 75' lang='grc' dir='ltr'><strong>ἓὲἓ</strong></span> <span class='ocrx_word' id='word_1_3' title='bbox 1339 189 1509 299; x_wconf 70' lang='grc' dir='ltr'><strong>ἓ-</strong></span> 
     </span>
    </p>
   </div>
   <div class='ocr_carea' id='block_1_2' title="bbox 571 376 1657 907">
    <p class='ocr_par' dir='ltr' id='par_1_2' title="bbox 571 376 1657 907">
     <span class='ocr_line' id='line_1_2' title="bbox 883 376 1368 449; baseline 0.01 -5"><span class='ocrx_word' id='word_1_4' title='bbox 883 376 1190 446; x_wconf 76' lang='lat' dir='ltr'>CAPVT.</span> <span class='ocrx_word' id='word_1_5' title='bbox 1250 381 1368 449; x_wconf 89' lang='lat' dir='ltr'><strong>XI.</strong></span> 
     </span>
     <span class='ocr_line' id='line_1_3' title="bbox 1064 522 1178 567; baseline -0.009 0"><span class='ocrx_word' id='word_1_6' title='bbox 1064 522 1178 567; x_wconf 55' lang='lat' dir='ltr'><strong>’DE</strong></span> 
     </span>
     <span class='ocr_line' id='line_1_4' title="bbox 571 667 1657 740; baseline 0.006 -11"><span class='ocrx_word' id='word_1_7' title='bbox 571 667 1044 740; x_wconf 85' lang='lat' dir='ltr'><strong>VENIS</strong></span> <span class='ocrx_word' id='word_1_8' title='bbox 1161 671 1657 737; x_wconf 48' lang='lat' dir='ltr'>OC2VL1.</span> 
     </span>
     <span class='ocr_line' id='line_1_5' title="bbox 1065 839 1221 907; baseline 0 -12"><span class='ocrx_word' id='word_1_9' title='bbox 1065 839 1110 907; x_wconf 89' lang='lat'><strong>§.</strong></span> <span class='ocrx_word' id='word_1_10' title='bbox 1187 839 1221 896; x_wconf 85' lang='lat'><strong>1.</strong></span> 
     </span>
    </p>
   </div>
   <div class='ocr_carea' id='block_1_3' title="bbox 711 967 1530 1058">
    <p class='ocr_par' dir='ltr' id='par_1_3' title="bbox 711 967 1530 1058">
     <span class='ocr_line' id='line_1_6' title="bbox 711 967 1530 1058; baseline 0.001 -23"><span class='ocrx_word' id='word_1_11' title='bbox 711 967 973 1058; x_wconf 75' lang='lat' dir='ltr'><strong>Hzstoria</strong></span> <span class='ocrx_word' id='word_1_12' title='bbox 1010 992 1317 1036; x_wconf 76' lang='lat' dir='ltr'><strong>venarum</strong></span> <span class='ocrx_word' id='word_1_13' title='bbox 1359 974 1530 1036; x_wconf 78' lang='lat' dir='ltr'><strong>oculi.</strong></span> 
     </span>
    </p>
   </div>
   <div class='ocr_carea' id='block_1_4' title="bbox 223 1090 2006 2689">
    <p class='ocr_par' dir='ltr' id='par_1_4' title="bbox 223 1090 2006 2613">
     <span class='ocr_line' id='line_1_7' title="bbox 234 1090 2006 1228; baseline 0.006 -61"><span class='ocrx_word' id='word_1_14' title='bbox 234 1090 584 1228; x_wconf 83' lang='lat' dir='ltr'><strong>Venarum</strong></span> <span class='ocrx_word' id='word_1_15' title='bbox 614 1112 760 1168; x_wconf 89' lang='lat' dir='ltr'><strong>oculi</strong></span> <span class='ocrx_word' id='word_1_16' title='bbox 782 1112 994 1169; x_wconf 86' lang='lat' dir='ltr'><strong>historia</strong></span> <span class='ocrx_word' id='word_1_17' title='bbox 1015 1111 1312 1186; x_wconf 85' lang='lat' dir='ltr'><strong>parciffima</strong></span> <span class='ocrx_word' id='word_1_18' title='bbox 1331 1114 1431 1179; x_wconf 87' lang='lat' dir='ltr'><strong>est,</strong></span> <span class='ocrx_word' id='word_1_19' title='bbox 1446 1116 1495 1171; x_wconf 86' lang='lat'>&amp;</span> <span class='ocrx_word' id='word_1_20' title='bbox 1513 1113 1738 1174; x_wconf 84' lang='lat' dir='ltr'><strong>obscura</strong></span> <span class='ocrx_word' id='word_1_21' title='bbox 1769 1119 1914 1194; x_wconf 85' lang='lat' dir='ltr'>apud</span> <span class='ocrx_word' id='word_1_22' title='bbox 1941 1137 2006 1176; x_wconf 89' lang='grc' dir='ltr'><strong>ο-</strong></span> 
     </span>
     <span class='ocr_line' id='line_1_8' title="bbox 404 1185 2006 1251; baseline 0.006 -9"><span class='ocrx_word' id='word_1_23' title='bbox 404 1206 559 1243; x_wconf 85' lang='lat' dir='ltr'><strong>mnes</strong></span> <span class='ocrx_word' id='word_1_24' title='bbox 580 1185 690 1243; x_wconf 87' lang='lat' dir='ltr'><strong>fere</strong></span> <span class='ocrx_word' id='word_1_25' title='bbox 724 1188 992 1245; x_wconf 60' lang='lat' dir='ltr'><strong>Aueiores</strong></span> <span class='ocrx_word' id='word_1_26' title='bbox 1013 1189 1221 1243; x_wconf 75' lang='lat' dir='ltr'><strong>illarum</strong></span> <span class='ocrx_word' id='word_1_27' title='bbox 1259 1190 1463 1246; x_wconf 79' lang='lat' dir='ltr'><strong>notitia.</strong></span> <span class='ocrx_word' id='word_1_28' title='bbox 1543 1193 1654 1248; x_wconf 86' lang='lat' dir='ltr'><strong>Vix</strong></span> <span class='ocrx_word' id='word_1_29' title='bbox 1689 1194 1832 1250; x_wconf 88' lang='lat' dir='ltr'><strong>enim</strong></span> <span class='ocrx_word' id='word_1_30' title='bbox 1869 1197 2006 1251; x_wconf 82' lang='lat' dir='ltr'><strong>vllus</strong></span> 
     </span>
     <span class='ocr_line' id='line_1_9' title="bbox 233 1259 2004 1336; baseline 0.006 -19"><span class='ocrx_word' id='word_1_31' title='bbox 233 1259 486 1318; x_wconf 80' lang='lat' dir='ltr'><strong>fusiorem</strong></span> <span class='ocrx_word' id='word_1_32' title='bbox 519 1263 746 1336; x_wconf 84' lang='lat' dir='ltr'>aliquam</span> <span class='ocrx_word' id='word_1_33' title='bbox 773 1262 979 1317; x_wconf 84' lang='lat' dir='ltr'><strong>illarum</strong></span> <span class='ocrx_word' id='word_1_34' title='bbox 1006 1264 1154 1318; x_wconf 88' lang='lat' dir='ltr'><strong>dedit</strong></span> <span class='ocrx_word' id='word_1_35' title='bbox 1187 1261 1628 1336; x_wconf 83' lang='lat' dir='ltr'><strong>descriptionem,</strong></span> <span class='ocrx_word' id='word_1_36' title='bbox 1665 1285 1755 1324; x_wconf 84' lang='lat' dir='ltr'><strong>aut</strong></span> <span class='ocrx_word' id='word_1_37' title='bbox 1788 1288 2004 1327; x_wconf 87' lang='lat' dir='ltr'>accura-</span> 
     </span>
     <span class='ocr_line' id='line_1_10' title="bbox 231 1336 2001 1412; baseline 0.005 -19"><span class='ocrx_word' id='word_1_38' title='bbox 231 1341 339 1393; x_wconf 85' lang='lat' dir='ltr'><strong>tius</strong></span> <span class='ocrx_word' id='word_1_39' title='bbox 362 1342 419 1393; x_wconf 86' lang='lat' dir='ltr'><strong>in</strong></span> <span class='ocrx_word' id='word_1_40' title='bbox 442 1336 554 1392; x_wconf 73' lang='lat' dir='ltr'><strong>illas</strong></span> <span class='ocrx_word' id='word_1_41' title='bbox 579 1338 879 1410; x_wconf 82' lang='lat' dir='ltr'><strong>indagauit‚</strong></span> <span class='ocrx_word' id='word_1_42' title='bbox 905 1356 1072 1412; x_wconf 88' lang='lat' dir='ltr'>quum</span> <span class='ocrx_word' id='word_1_43' title='bbox 1101 1356 1291 1393; x_wconf 88' lang='lat' dir='ltr'><strong>omnes</strong></span> <span class='ocrx_word' id='word_1_44' title='bbox 1316 1336 1425 1395; x_wconf 88' lang='lat' dir='ltr'><strong>fere</strong></span> <span class='ocrx_word' id='word_1_45' title='bbox 1457 1342 1676 1398; x_wconf 84' lang='lat' dir='ltr'><strong>credere</strong></span> <span class='ocrx_word' id='word_1_46' title='bbox 1704 1344 2001 1412; x_wconf 84' lang='lat' dir='ltr'><strong>videantur,</strong></span> 
     </span>
     <span class='ocr_line' id='line_1_11' title="bbox 230 1411 2003 1485; baseline 0.007 -20"><span class='ocrx_word' id='word_1_47' title='bbox 230 1429 392 1467; x_wconf 84' lang='lat' dir='ltr'><strong>venas</strong></span> <span class='ocrx_word' id='word_1_48' title='bbox 425 1411 624 1485; x_wconf 89' lang='lat' dir='ltr'><strong>vbique</strong></span> <span class='ocrx_word' id='word_1_49' title='bbox 671 1413 902 1467; x_wconf 89' lang='lat' dir='ltr'><strong>eundem</strong></span> <span class='ocrx_word' id='word_1_50' title='bbox 937 1431 1061 1467; x_wconf 88' lang='lat' dir='ltr'><strong>cum</strong></span> <span class='ocrx_word' id='word_1_51' title='bbox 1102 1413 1300 1467; x_wconf 82' lang='lat' dir='ltr'><strong>arteriis</strong></span> <span class='ocrx_word' id='word_1_52' title='bbox 1331 1413 1527 1469; x_wconf 86' lang='lat' dir='ltr'><strong>habere</strong></span> <span class='ocrx_word' id='word_1_53' title='bbox 1574 1415 1854 1474; x_wconf 89' lang='lat' dir='ltr'><strong>decursum</strong></span> <span class='ocrx_word' id='word_1_54' title='bbox 1882 1462 1896 1484; x_wconf 90' lang='lat'>,</span> <span class='ocrx_word' id='word_1_55' title='bbox 1942 1434 2003 1478; x_wconf 88' lang='lat' dir='ltr'><strong>vt</strong></span> 
     </span>
     <span class='ocr_line' id='line_1_12' title="bbox 230 1485 1997 1566; baseline 0.007 -27"><span class='ocrx_word' id='word_1_56' title='bbox 230 1502 368 1558; x_wconf 87' lang='lat' dir='ltr'><strong>quae</strong></span> <span class='ocrx_word' id='word_1_57' title='bbox 396 1486 463 1540; x_wconf 90' lang='lat' dir='ltr'><strong>de</strong></span> <span class='ocrx_word' id='word_1_58' title='bbox 496 1485 695 1542; x_wconf 84' lang='lat' dir='ltr'><strong>arteriis</strong></span> <span class='ocrx_word' id='word_1_59' title='bbox 726 1485 1000 1550; x_wconf 82' lang='lat' dir='ltr'><strong>dicantur,</strong></span> <span class='ocrx_word' id='word_1_60' title='bbox 1040 1487 1107 1541; x_wconf 92' lang='lat' dir='ltr'><strong>de</strong></span> <span class='ocrx_word' id='word_1_61' title='bbox 1143 1492 1293 1541; x_wconf 86' lang='lat' dir='ltr'><strong>venis</strong></span> <span class='ocrx_word' id='word_1_62' title='bbox 1326 1505 1545 1561; x_wconf 89' lang='lat' dir='ltr'><strong>quoque</strong></span> <span class='ocrx_word' id='word_1_63' title='bbox 1576 1492 1752 1547; x_wconf 84' lang='lat' dir='ltr'><strong>valere</strong></span> <span class='ocrx_word' id='word_1_64' title='bbox 1780 1494 1997 1566; x_wconf 85' lang='lat' dir='ltr'><strong>poffint.</strong></span> 
     </span>
     <span class='ocr_line' id='line_1_13' title="bbox 229 1560 1992 1634; baseline 0.006 -19"><span class='ocrx_word' id='word_1_65' title='bbox 229 1560 493 1617; x_wconf 78' lang='lat' dir='ltr'>GALEN</span> <span class='ocrx_word' id='word_1_66' title='bbox 512 1578 586 1614; x_wconf 89' lang='lat' dir='ltr'><strong>vs</strong></span> <span class='ocrx_word' id='word_1_67' title='bbox 627 1561 740 1628; x_wconf 84' lang='lat' dir='ltr'><strong>(a)</strong></span> <span class='ocrx_word' id='word_1_68' title='bbox 791 1562 841 1614; x_wconf 86' lang='lat'>&amp;</span> <span class='ocrx_word' id='word_1_69' title='bbox 876 1561 960 1614; x_wconf 74' lang='lat' dir='ltr'><strong>alii</strong></span> <span class='ocrx_word' id='word_1_70' title='bbox 990 1578 1055 1616; x_wconf 83' lang='lat' dir='ltr'><strong>ex</strong></span> <span class='ocrx_word' id='word_1_71' title='bbox 1080 1561 1456 1617; x_wconf 83' lang='lat' dir='ltr'><strong>vetustioribus</strong></span> <span class='ocrx_word' id='word_1_72' title='bbox 1485 1579 1594 1618; x_wconf 83' lang='lat' dir='ltr'><strong>tam</strong></span> <span class='ocrx_word' id='word_1_73' title='bbox 1622 1565 1992 1634; x_wconf 84' lang='lat' dir='ltr'><strong>choroideam.</strong></span> 
     </span>
     <span class='ocr_line' id='line_1_14' title="bbox 229 1633 1992 1715; baseline 0.007 -28"><span class='ocrx_word' id='word_1_74' title='bbox 229 1651 392 1707; x_wconf 86' lang='lat' dir='ltr'>quam</span> <span class='ocrx_word' id='word_1_75' title='bbox 428 1634 652 1687; x_wconf 87' lang='lat' dir='ltr'><strong>retinam</strong></span> <span class='ocrx_word' id='word_1_76' title='bbox 693 1633 894 1687; x_wconf 83' lang='lat' dir='ltr'><strong>arteriis</strong></span> <span class='ocrx_word' id='word_1_77' title='bbox 926 1635 976 1687; x_wconf 68' lang='grc' dir='ltr'><strong>ὃς</strong></span> <span class='ocrx_word' id='word_1_78' title='bbox 998 1635 1204 1689; x_wconf 83' lang='lat' dir='ltr'><strong>venulis</strong></span> <span class='ocrx_word' id='word_1_79' title='bbox 1236 1633 1336 1690; x_wconf 84' lang='lat' dir='ltr'><strong>effe</strong></span> <span class='ocrx_word' id='word_1_80' title='bbox 1366 1635 1615 1693; x_wconf 83' lang='lat' dir='ltr'><strong>refertam</strong></span> <span class='ocrx_word' id='word_1_81' title='bbox 1658 1638 1992 1715; x_wconf 85' lang='lat' dir='ltr'><strong>scripserunt,</strong></span> 
     </span>
     <span class='ocr_line' id='line_1_15' title="bbox 227 1704 1994 1782; baseline 0.007 -20"><span class='ocrx_word' id='word_1_82' title='bbox 227 1708 369 1763; x_wconf 84' lang='lat' dir='ltr'><strong>circa</strong></span> <span class='ocrx_word' id='word_1_83' title='bbox 390 1722 642 1762; x_wconf 83' lang='lat' dir='ltr'>truncum</span> <span class='ocrx_word' id='word_1_84' title='bbox 668 1708 721 1762; x_wconf 87' lang='lat'>&amp;</span> <span class='ocrx_word' id='word_1_85' title='bbox 745 1704 1027 1761; x_wconf 87' lang='lat' dir='ltr'><strong>decursum</strong></span> <span class='ocrx_word' id='word_1_86' title='bbox 1058 1707 1275 1764; x_wconf 83' lang='lat' dir='ltr'><strong>illorum</strong></span> <span class='ocrx_word' id='word_1_87' title='bbox 1301 1710 1456 1782; x_wconf 82' lang='lat' dir='ltr'><strong>plane</strong></span> <span class='ocrx_word' id='word_1_88' title='bbox 1488 1713 1655 1771; x_wconf 88' lang='lat' dir='ltr'><strong>filent.</strong></span> <span class='ocrx_word' id='word_1_89' title='bbox 1711 1717 1994 1774; x_wconf 74' lang='lat' dir='ltr'><strong>VEsAles</strong></span> 
     </span>
     <span class='ocr_line' id='line_1_16' title="bbox 227 1778 1994 1866; baseline 0.007 -30"><span class='ocrx_word' id='word_1_90' title='bbox 227 1784 434 1857; x_wconf 83' lang='lat' dir='ltr'><strong>primus</strong></span> <span class='ocrx_word' id='word_1_91' title='bbox 460 1778 560 1836; x_wconf 85' lang='lat' dir='ltr'><strong>esse</strong></span> <span class='ocrx_word' id='word_1_92' title='bbox 579 1781 817 1845; x_wconf 85' lang='lat' dir='ltr'><strong>videtur,</strong></span> <span class='ocrx_word' id='word_1_93' title='bbox 856 1782 948 1854; x_wconf 83' lang='lat' dir='ltr'><strong>qui</strong></span> <span class='ocrx_word' id='word_1_94' title='bbox 971 1798 1225 1838; x_wconf 85' lang='lat' dir='ltr'>truncum</span> <span class='ocrx_word' id='word_1_95' title='bbox 1255 1803 1422 1840; x_wconf 86' lang='lat' dir='ltr'><strong>venae</strong></span> <span class='ocrx_word' id='word_1_96' title='bbox 1446 1791 1791 1859; x_wconf 79' lang='lat' dir='ltr'><strong>cognouerit,</strong></span> <span class='ocrx_word' id='word_1_97' title='bbox 1830 1811 1994 1866; x_wconf 82' lang='lat' dir='ltr'>quam</span> 
     </span>
     <span class='ocr_line' id='line_1_17' title="bbox 228 1855 1993 1930; baseline 0.007 -18"><span class='ocrx_word' id='word_1_98' title='bbox 228 1858 294 1912; x_wconf 86' lang='lat' dir='ltr'><strong>ad</strong></span> <span class='ocrx_word' id='word_1_99' title='bbox 318 1858 571 1930; x_wconf 83' lang='lat' dir='ltr'>angulum</span> <span class='ocrx_word' id='word_1_100' title='bbox 616 1855 759 1911; x_wconf 88' lang='lat' dir='ltr'><strong>oculi</strong></span> <span class='ocrx_word' id='word_1_101' title='bbox 781 1857 1055 1910; x_wconf 84' lang='lat' dir='ltr'><strong>internum</strong></span> <span class='ocrx_word' id='word_1_102' title='bbox 1086 1874 1259 1913; x_wconf 86' lang='lat' dir='ltr'><strong>ortam</strong></span> <span class='ocrx_word' id='word_1_103' title='bbox 1286 1860 1341 1913; x_wconf 91' lang='lat' dir='ltr'><strong>in</strong></span> <span class='ocrx_word' id='word_1_104' title='bbox 1373 1863 1538 1916; x_wconf 84' lang='lat' dir='ltr'><strong>cranii</strong></span> <span class='ocrx_word' id='word_1_105' title='bbox 1562 1882 1779 1920; x_wconf 88' lang='lat' dir='ltr'><strong>caueam</strong></span> <span class='ocrx_word' id='word_1_106' title='bbox 1808 1869 1993 1924; x_wconf 85' lang='lat' dir='ltr'><strong>venire</strong></span> 
     </span>
     <span class='ocr_line' id='line_1_18' title="bbox 226 1929 1993 2014; baseline 0.007 -27"><span class='ocrx_word' id='word_1_107' title='bbox 226 1929 423 1988; x_wconf 77' lang='lat' dir='ltr'><strong>scribit.</strong></span> <span class='ocrx_word' id='word_1_108' title='bbox 499 1931 893 1986; x_wconf 75' lang='lat' dir='ltr'><strong>FALLopivs</strong></span> <span class='ocrx_word' id='word_1_109' title='bbox 933 1931 959 2000; x_wconf 85' lang='lat'>(</span> <span class='ocrx_word' id='word_1_110' title='bbox 976 1930 1047 2001; x_wconf 88' lang='lat' dir='ltr'><strong>b)</strong></span> <span class='ocrx_word' id='word_1_111' title='bbox 1110 1948 1287 1988; x_wconf 81' lang='lat' dir='ltr'><strong>autem</strong></span> <span class='ocrx_word' id='word_1_112' title='bbox 1318 1934 1540 1992; x_wconf 86' lang='lat' dir='ltr'><strong>vlterius</strong></span> <span class='ocrx_word' id='word_1_113' title='bbox 1571 1936 1659 1995; x_wconf 90' lang='lat' dir='ltr'><strong>hic</strong></span> <span class='ocrx_word' id='word_1_114' title='bbox 1687 1942 1993 2014; x_wconf 81' lang='lat' dir='ltr'><strong>progressus</strong></span> 
     </span>
     <span class='ocr_line' id='line_1_19' title="bbox 227 2003 1990 2086; baseline 0.007 -25"><span class='ocrx_word' id='word_1_115' title='bbox 227 2006 330 2071; x_wconf 89' lang='lat' dir='ltr'><strong>est,</strong></span> <span class='ocrx_word' id='word_1_116' title='bbox 360 2006 451 2080; x_wconf 87' lang='lat' dir='ltr'><strong>qui</strong></span> <span class='ocrx_word' id='word_1_117' title='bbox 474 2005 646 2081; x_wconf 87' lang='lat' dir='ltr'>probe</span> <span class='ocrx_word' id='word_1_118' title='bbox 666 2007 803 2061; x_wconf 84' lang='lat' dir='ltr'><strong>vidit</strong></span> <span class='ocrx_word' id='word_1_119' title='bbox 826 2023 1016 2060; x_wconf 84' lang='lat' dir='ltr'><strong>venam</strong></span> <span class='ocrx_word' id='word_1_120' title='bbox 1046 2003 1312 2073; x_wconf 82' lang='lat' dir='ltr'><strong>facialem,</strong></span> <span class='ocrx_word' id='word_1_121' title='bbox 1349 2009 1440 2064; x_wconf 88' lang='lat' dir='ltr'><strong>vbi</strong></span> <span class='ocrx_word' id='word_1_122' title='bbox 1462 2012 1528 2066; x_wconf 86' lang='lat' dir='ltr'><strong>ad</strong></span> <span class='ocrx_word' id='word_1_123' title='bbox 1550 2015 1802 2086; x_wconf 76' lang='lat' dir='ltr'>angulum</span> <span class='ocrx_word' id='word_1_124' title='bbox 1840 2019 1990 2074; x_wconf 89' lang='lat' dir='ltr'><strong>oculi</strong></span> 
     </span>
     <span class='ocr_line' id='line_1_20' title="bbox 225 2080 1989 2156; baseline 0.007 -20"><span class='ocrx_word' id='word_1_125' title='bbox 225 2083 492 2137; x_wconf 87' lang='lat' dir='ltr'><strong>internum</strong></span> <span class='ocrx_word' id='word_1_126' title='bbox 518 2080 745 2142; x_wconf 85' lang='lat' dir='ltr'><strong>venerit,</strong></span> <span class='ocrx_word' id='word_1_127' title='bbox 783 2081 1045 2153; x_wconf 82' lang='lat' dir='ltr'>quandam</span> <span class='ocrx_word' id='word_1_128' title='bbox 1069 2080 1330 2154; x_wconf 77' lang='lat' dir='ltr'><strong>insignem</strong></span> <span class='ocrx_word' id='word_1_129' title='bbox 1359 2087 1566 2156; x_wconf 84' lang='lat' dir='ltr'><strong>partem</strong></span> <span class='ocrx_word' id='word_1_130' title='bbox 1597 2089 1665 2144; x_wconf 89' lang='lat' dir='ltr'><strong>de</strong></span> <span class='ocrx_word' id='word_1_131' title='bbox 1696 2091 1747 2145; x_wconf 74' lang='lat' dir='ltr'><strong>se</strong></span> <span class='ocrx_word' id='word_1_132' title='bbox 1780 2108 1989 2148; x_wconf 84' lang='lat' dir='ltr'><strong>emltte-</strong></span> 
     </span>
     <span class='ocr_line' id='line_1_21' title="bbox 224 2152 1990 2240; baseline 0.008 -32"><span class='ocrx_word' id='word_1_133' title='bbox 224 2176 282 2212; x_wconf 89' lang='lat' dir='ltr'><strong>re</strong></span> <span class='ocrx_word' id='word_1_134' title='bbox 300 2198 312 2219; x_wconf 90' lang='lat'>‚</span> <span class='ocrx_word' id='word_1_135' title='bbox 347 2174 482 2216; x_wconf 79' lang='lat' dir='ltr'><strong>Quae</strong></span> <span class='ocrx_word' id='word_1_136' title='bbox 510 2174 603 2229; x_wconf 86' lang='lat' dir='ltr'><strong>per</strong></span> <span class='ocrx_word' id='word_1_137' title='bbox 628 2152 894 2210; x_wconf 88' lang='lat' dir='ltr'>musculos</span> <span class='ocrx_word' id='word_1_138' title='bbox 915 2156 964 2210; x_wconf 72' lang='lat'><strong>8&lt;</strong></span> <span class='ocrx_word' id='word_1_139' title='bbox 987 2155 1133 2210; x_wconf 81' lang='lat' dir='ltr'><strong>oculi</strong></span> <span class='ocrx_word' id='word_1_140' title='bbox 1165 2157 1499 2214; x_wconf 84' lang='lat' dir='ltr'>membranas</span> <span class='ocrx_word' id='word_1_141' title='bbox 1533 2167 1823 2220; x_wconf 82' lang='lat' dir='ltr'><strong>exteriores</strong></span> <span class='ocrx_word' id='word_1_142' title='bbox 1852 2164 1990 2240; x_wconf 85' lang='lat' dir='ltr'>spar-</span> 
     </span>
     <span class='ocr_line' id='line_1_22' title="bbox 223 2221 1990 2304; baseline 0.008 -20"><span class='ocrx_word' id='word_1_143' title='bbox 223 2221 392 2304; x_wconf 55' lang='lat' dir='ltr'><strong>gitur}</strong></span> <span class='ocrx_word' id='word_1_144' title='bbox 434 2232 484 2285; x_wconf 70' lang='grc' dir='ltr'>ἃ</span> <span class='ocrx_word' id='word_1_145' title='bbox 506 2249 671 2285; x_wconf 85' lang='lat' dir='ltr'><strong>venae</strong></span> <span class='ocrx_word' id='word_1_146' title='bbox 705 2230 1039 2286; x_wconf 85' lang='lat' dir='ltr'><strong>ethmoideae</strong></span> <span class='ocrx_word' id='word_1_147' title='bbox 1072 2230 1383 2303; x_wconf 85' lang='lat' dir='ltr'><strong>posterioris</strong></span> <span class='ocrx_word' id='word_1_148' title='bbox 1415 2237 1567 2290; x_wconf 89' lang='lat' dir='ltr'><strong>nerui</strong></span> <span class='ocrx_word' id='word_1_149' title='bbox 1597 2241 1808 2296; x_wconf 87' lang='lat' dir='ltr'><strong>comitis</strong></span> <span class='ocrx_word' id='word_1_150' title='bbox 1840 2260 1990 2298; x_wconf 91' lang='lat' dir='ltr'><strong>men-</strong></span> 
     </span>
     <span class='ocr_line' id='line_1_23' title="bbox 223 2304 1991 2380; baseline 0.007 -19"><span class='ocrx_word' id='word_1_151' title='bbox 223 2306 431 2362; x_wconf 82' lang='lat' dir='ltr'><strong>tionem</strong></span> <span class='ocrx_word' id='word_1_152' title='bbox 454 2304 593 2368; x_wconf 88' lang='lat' dir='ltr'><strong>fecit,</strong></span> <span class='ocrx_word' id='word_1_153' title='bbox 608 2323 707 2360; x_wconf 90' lang='lat' dir='ltr'><strong>nec</strong></span> <span class='ocrx_word' id='word_1_154' title='bbox 731 2306 955 2362; x_wconf 84' lang='lat' dir='ltr'><strong>alterum</strong></span> <span class='ocrx_word' id='word_1_155' title='bbox 978 2304 1138 2360; x_wconf 85' lang='lat' dir='ltr'><strong>finem</strong></span> <span class='ocrx_word' id='word_1_156' title='bbox 1162 2306 1501 2379; x_wconf 84' lang='lat' dir='ltr'><strong>incognitum</strong></span> <span class='ocrx_word' id='word_1_157' title='bbox 1531 2309 1740 2380; x_wconf 84' lang='lat' dir='ltr'><strong>habuit,</strong></span> <span class='ocrx_word' id='word_1_158' title='bbox 1781 2314 1873 2371; x_wconf 86' lang='lat' dir='ltr'><strong>vbi</strong></span> <span class='ocrx_word' id='word_1_159' title='bbox 1899 2322 1991 2374; x_wconf 79' lang='lat' dir='ltr'><strong>ali-</strong></span> 
     </span>
     <span class='ocr_line' id='line_1_24' title="bbox 223 2380 1989 2454; baseline 0.007 -19"><span class='ocrx_word' id='word_1_160' title='bbox 223 2380 277 2435; x_wconf 92' lang='lat' dir='ltr'><strong>bi</strong></span> <span class='ocrx_word' id='word_1_161' title='bbox 301 2381 502 2445; x_wconf 88' lang='lat' dir='ltr'><strong>docuit‚</strong></span> <span class='ocrx_word' id='word_1_162' title='bbox 518 2398 581 2434; x_wconf 82' lang='lat' dir='ltr'><strong>ex</strong></span> <span class='ocrx_word' id='word_1_163' title='bbox 604 2380 792 2437; x_wconf 64' lang='lat' dir='ltr'><strong>iunftis</strong></span> <span class='ocrx_word' id='word_1_164' title='bbox 820 2381 1031 2436; x_wconf 85' lang='lat' dir='ltr'><strong>duobus</strong></span> <span class='ocrx_word' id='word_1_165' title='bbox 1044 2380 1267 2454; x_wconf 84' lang='lat' dir='ltr'><strong>petrofis</strong></span> <span class='ocrx_word' id='word_1_166' title='bbox 1282 2382 1494 2439; x_wconf 86' lang='lat' dir='ltr'>finubus</span> <span class='ocrx_word' id='word_1_167' title='bbox 1515 2387 1580 2441; x_wconf 89' lang='lat' dir='ltr'><strong>ad</strong></span> <span class='ocrx_word' id='word_1_168' title='bbox 1593 2383 1767 2445; x_wconf 86' lang='lat' dir='ltr'><strong>sellam</strong></span> <span class='ocrx_word' id='word_1_169' title='bbox 1791 2390 1848 2445; x_wconf 87' lang='lat' dir='ltr'>T</span> <span class='ocrx_word' id='word_1_170' title='bbox 1852 2395 1989 2449; x_wconf 89' lang='lat' dir='ltr'><strong>urci-</strong></span> 
     </span>
     <span class='ocr_line' id='line_1_25' title="bbox 224 2454 1986 2540; baseline 0.008 -31"><span class='ocrx_word' id='word_1_171' title='bbox 224 2475 342 2510; x_wconf 83' lang='lat' dir='ltr'><strong>cam</strong></span> <span class='ocrx_word' id='word_1_172' title='bbox 367 2456 497 2510; x_wconf 76' lang='lat' dir='ltr'><strong>oriri</strong></span> <span class='ocrx_word' id='word_1_173' title='bbox 519 2455 898 2530; x_wconf 70' lang='lat' dir='ltr'><strong>venuzlas‚quae</strong></span> <span class='ocrx_word' id='word_1_174' title='bbox 920 2454 985 2510; x_wconf 85' lang='lat' dir='ltr'><strong>ad</strong></span> <span class='ocrx_word' id='word_1_175' title='bbox 1006 2455 1147 2511; x_wconf 85' lang='lat' dir='ltr'><strong>oculi</strong></span> <span class='ocrx_word' id='word_1_176' title='bbox 1167 2456 1394 2512; x_wconf 80' lang='lat' dir='ltr'><strong>orbitam</strong></span> <span class='ocrx_word' id='word_1_177' title='bbox 1419 2462 1725 2536; x_wconf 83' lang='lat' dir='ltr'><strong>pertingant</strong></span> <span class='ocrx_word' id='word_1_178' title='bbox 1744 2468 1841 2535; x_wconf 82' lang='lat' dir='ltr'><em>(c).</em></span> <span class='ocrx_word' id='word_1_179' title='bbox 1870 2466 1986 2540; x_wconf 84' lang='lat' dir='ltr'><strong>Qi</strong></span> 
     </span>
     <span class='ocr_line' id='line_1_26' title="bbox 223 2527 1986 2613; baseline 0.009 -30"><span class='ocrx_word' id='word_1_180' title='bbox 223 2529 345 2602; x_wconf 88' lang='lat' dir='ltr'><strong>post</strong></span> <span class='ocrx_word' id='word_1_181' title='bbox 368 2530 517 2585; x_wconf 83' lang='lat' dir='ltr'><strong>illum</strong></span> <span class='ocrx_word' id='word_1_182' title='bbox 540 2527 658 2585; x_wconf 86' lang='lat' dir='ltr'>sunt</span> <span class='ocrx_word' id='word_1_183' title='bbox 682 2527 874 2596; x_wconf 84' lang='lat' dir='ltr'><strong>secuti,</strong></span> <span class='ocrx_word' id='word_1_184' title='bbox 915 2531 980 2585; x_wconf 83' lang='lat' dir='ltr'><strong>ad</strong></span> <span class='ocrx_word' id='word_1_185' title='bbox 1010 2530 1186 2588; x_wconf 85' lang='lat' dir='ltr'>nostra</span> <span class='ocrx_word' id='word_1_186' title='bbox 1212 2550 1380 2607; x_wconf 79' lang='lat' dir='ltr'><strong>Vsque</strong></span> <span class='ocrx_word' id='word_1_187' title='bbox 1437 2549 1687 2610; x_wconf 84' lang='lat' dir='ltr'><strong>tempora</strong></span> <span class='ocrx_word' id='word_1_188' title='bbox 1714 2540 1802 2596; x_wconf 85' lang='lat' dir='ltr'><strong>vix</strong></span> <span class='ocrx_word' id='word_1_189' title='bbox 1832 2542 1986 2613; x_wconf 88' lang='lat' dir='ltr'><strong>quid-</strong></span> 
     </span>
    </p>

    <p class='ocr_par' dir='ltr' id='par_1_5' title="bbox 1826 2633 1987 2689">
     <span class='ocr_line' id='line_1_27' title="bbox 1826 2633 1987 2689; baseline 0.019 -19"><span class='ocrx_word' id='word_1_190' title='bbox 1826 2633 1987 2689; x_wconf 84' lang='lat' dir='ltr'>quam</span> 
     </span>
    </p>
   </div>
   <div class='ocr_carea' id='block_1_5' title="bbox 287 2763 1687 2963">
    <p class='ocr_par' dir='ltr' id='par_1_6' title="bbox 287 2763 1687 2963">
     <span class='ocr_line' id='line_1_28' title="bbox 287 2763 1687 2834; baseline 0.004 -23"><span class='ocrx_word' id='word_1_191' title='bbox 287 2765 352 2823; x_wconf 76' lang='lat' dir='ltr'><strong>(a)</strong></span> <span class='ocrx_word' id='word_1_192' title='bbox 387 2766 458 2809; x_wconf 86' lang='lat' dir='ltr'><strong>De</strong></span> <span class='ocrx_word' id='word_1_193' title='bbox 476 2763 551 2810; x_wconf 85' lang='lat' dir='ltr'><strong>vsu</strong></span> <span class='ocrx_word' id='word_1_194' title='bbox 581 2765 736 2824; x_wconf 54' lang='lat' dir='ltr'><strong>paral.</strong></span> <span class='ocrx_word' id='word_1_195' title='bbox 767 2780 933 2815; x_wconf 82' lang='lat' dir='ltr'><em>10.c.2.</em></span> <span class='ocrx_word' id='word_1_196' title='bbox 1205 2768 1270 2828; x_wconf 90' lang='lat' dir='ltr'><strong>(c)</strong></span> <span class='ocrx_word' id='word_1_197' title='bbox 1306 2768 1400 2815; x_wconf 84' lang='lat' dir='ltr'><strong>Loc.</strong></span> <span class='ocrx_word' id='word_1_198' title='bbox 1422 2771 1555 2834; x_wconf 79' lang='lat' dir='ltr'><strong>cit.p.</strong></span> <span class='ocrx_word' id='word_1_199' title='bbox 1584 2784 1687 2828; x_wconf 79' lang='lat'>734.</span> 
     </span>
     <span class='ocr_line' id='line_1_29' title="bbox 287 2830 1203 2963; baseline 0.004 -86"><span class='ocrx_word' id='word_1_200' title='bbox 287 2831 350 2892; x_wconf 76' lang='lat' dir='ltr'><strong>(b)</strong></span> <span class='ocrx_word' id='word_1_201' title='bbox 390 2830 483 2896; x_wconf 77' lang='lat' dir='ltr'><strong>obſs</strong></span> <span class='ocrx_word' id='word_1_202' title='bbox 495 2844 678 2899; x_wconf 83' lang='lat' dir='ltr'><em>anat.p.</em></span> <span class='ocrx_word' id='word_1_203' title='bbox 706 2840 812 2890; x_wconf 81' lang='lat'>728·</span> <span class='ocrx_word' id='word_1_204' title='bbox 1108 2905 1150 2962; x_wconf 77' lang='lat' dir='ltr'>F</span> <span class='ocrx_word' id='word_1_205' title='bbox 1169 2903 1203 2963; x_wconf 77' lang='lat' dir='ltr'>f</span> 
     </span>
    </p>
   </div>
  </div>
 </body>
</html>
