2356 3260
684 191 822 231 cAP.
855 188 942 230 x1.
973 189 1058 229 DE
1094 193 1293 233 VENxs
1345 194 1559 236 ocvtt.
1898 201 1999 256 243

221 333 418 372 venam
444 313 734 386 centralem
759 313 908 369 nerui
938 315 1106 387 optici
1132 315 1351 371 fimilem
1367 360 1381 382 ‚
1413 325 1634 376 arteriae
1654 327 1881 377 retinam
1905 324 1997 379 ad-

219 391 297 445 ire
341 389 516 446 scribit
541 409 567 455 ‚·
609 408 770 463 quem
814 386 1020 444 secutus
1059 410 1286 447 Moutr
1303 412 1330 445 E
1354 413 1386 447 R
1404 414 1474 448 vs
1517 399 1542 465 ζ
1558 399 1623 462 c)
1666 402 1721 451 in
1771 397 1997 456 homine

219 465 436 537 quidem
476 483 635 521 Vnam
656 507 670 526 ,
690 464 744 524 in
773 463 1080 520 animalibus
1103 482 1279 520 autem
1305 468 1628 535 maioribus,
1657 471 1861 543 plures,
1886 489 1995 531 tres

219 556 560 613 quatuorque
605 536 773 593 adesse
815 535 1052 595 affirmat.

362 679 573 735 Venula
596 698 723 751 ergo
749 678 987 734 centralis
1016 680 1166 734 nerui
1189 681 1359 753 optici
1384 684 1596 756 origine
1618 682 1702 742 sua
1725 686 1834 743 fere
1857 686 1990 745 sem-

213 771 312 826 per
337 752 517 808 differt
540 773 566 807 a
600 754 812 825 reliquis
845 754 1048 827 venulis
1088 757 1232 810 oculi
1283 774 1459 828 partes
1493 760 1610 815 alias
1650 762 1985 820 adeuntibus,

212 825 491 883 Rariffime
514 829 656 882 enim
679 829 763 883 illa
791 828 948 900 ipfius
972 830 1148 884 trunci
1172 850 1339 885 venae
1362 833 1717 905 optlialmicae
1742 856 1985 912 propago

213 902 662 975 deprehenditur,
704 900 790 957 sed
815 901 924 957 fere
946 901 1147 977 semper
1173 903 1400 960 nascitur
1420 907 1659 964 distinch
1683 912 1732 964 8<
1759 913 1985 985 singula-

211 978 284 1033 ris
307 997 371 1031 ex
392 975 505 1048 ipso
531 976 870 1050 receptaculo
891 1020 903 1040 ‚
946 980 996 1032 8<
1024 979 1193 1034 statim
1220 979 1283 1034 ab
1318 981 1527 1054 origine
1561 1002 1588 1037 3
1621 985 1985 1055 truncosece-

212 1051 345 1107 dens
371 1048 475 1106 sola
511 1052 753 1124 prorepit
786 1052 1042 1126 periostio
1077 1051 1318 1118 iustam,
1359 1058 1508 1128 quod
1542 1057 1678 1112 infra
1706 1062 1983 1119 tendinum

211 1145 564 1183 communem
591 1128 752 1181 trium
780 1125 1144 1182 musculorum
1170 1130 1469 1195 rectorum,
1500 1131 1752 1205 reliquam
1779 1139 1985 1209 par-tem

210 1202 502 1258 rotundam
532 1199 734 1256 fissurae
761 1200 1114 1274 sphenozdeae
1152 1200 1433 1273 superioris
1459 1206 1692 1272 inuestit,
1724 1211 1881 1281 plane
1909 1212 1996 1268 ibi

208 1278 349 1333 tecta
375 1274 622 1331 fasciculo
649 1295 940 1336 neruorum
966 1319 978 1340 ‚
1014 1295 1112 1349 per
1143 1276 1281 1331 illam
1309 1282 1476 1334 rimae
1510 1278 1861 1352 sphenoideae
1893 1304 1982 1341 ro-

207 1350 432 1405 tundam
469 1367 674 1422 partem
709 1352 929 1405 oculum
965 1351 1276 1406 adeuntium
1301 1395 1316 1415 ‚
1362 1368 1422 1407 vt
1453 1354 1550 1409 nifi
1594 1358 1847 1414 omnibus
1879 1360 1981 1417 illis

205 1424 384 1479 neruis
409 1425 629 1479 remotis
665 1423 900 1495 conspici
931 1442 1177 1497 nequeat.
1261 1427 1439 1482 Semel
1472 1445 1650 1484 tamen
1686 1432 1824 1488 inter
1859 1434 1979 1507 plu-

205 1498 365 1554 rimas
387 1495 784 1552 obseruationes
807 1498 938 1552 mihi
965 1499 1067 1553 visa
1091 1499 1164 1553 est
1187 1501 1315 1554 oriri
1337 1501 1390 1554 in
1419 1503 1591 1556 orbita
1615 1505 1805 1577 exipso
1829 1523 1980 1564 trun-

205 1591 277 1627 co
303 1590 490 1633 venae,
523 1589 751 1625 neruum
785 1579 1032 1643 opticum
1059 1574 1279 1646 oblique
1311 1574 1788 1643 transscendenti53
1826 1584 2001 1640 cuius-

204 1647 334 1701 loco
369 1645 433 1699 ex'
464 1644 804 1715 receptaculo
827 1685 840 1706 ‚
887 1645 997 1708 via,
1040 1664 1142 1718 qua
1171 1648 1290 1701 alias
1322 1651 1514 1703 venula
1545 1656 1789 1709 centralis
1820 1659 1980 1713 adue-

204 1727 322 1789 nire
347 1718 504 1782 solet,
545 1718 638 1772 alia
664 1718 807 1772 allata
829 1718 899 1772 est
921 1722 1113 1775 venula
1134 1723 1389 1776 trunculo
1413 1723 1684 1791 distincto,
1708 1747 1860 1801 quae,
1877 1733 1976 1788 mi-

204 1797 365 1850 nimis
390 1796 442 1847 in
468 1793 848 1866 pinguedinem
873 1794 1102 1849 vicinam
1132 1793 1346 1851 surculis
1369 1797 1739 1863 emiffis‚inter
1762 1805 1973 1862 muscu-

203 1871 287 1925 los
320 1888 494 1942 prope
515 1868 781 1939 originem
806 1867 979 1922 adhuc
1014 1871 1154 1924 inter
1189 1869 1238 1925 se
1271 1890 1547 1928 connexos
1572 1879 1621 1929 ὃς
1648 1877 1974 1949 periosteum

202 1950 261 2000 in
300 1943 661 2000 ethmoideam
694 1941 1042 2014 posteriorem
1075 1945 1216 2001 abiit.
1296 1946 1534 2018 Qoties
1570 1967 1747 2006 autem
1777 1957 1972 2012 venula

206 2019 452 2075 centralis
490 2038 518 2072 a
541 2018 880 2088 receptaculo
911 2018 1147 2074 distinffia
1181 2021 1380 2085 oritur,
1422 2023 1652 2079 orbitam
1688 2026 1824 2083 infra
1859 2045 1971 2086 ten-

205 2095 389 2149 dinem
414 2093 567 2146 illum
596 2110 943 2147 communem
972 2092 1337 2148 musculorum
1363 2096 1546 2161 intrat,
1586 2102 1636 2154 &
1657 2103 1792 2157 tecta
1822 2123 1973 2160 com-

205 2168 359 2223 muni
406 2167 612 2238 origine
658 2163 878 2221 musculi
927 2168 1193 2223 interioris
1246 2172 1295 2223 &
1343 2174 1622 2229 exterioris
1671 2180 1969 2247 procurrit,

204 2262 318 2317 quo
340 2243 393 2296 in
412 2242 602 2297 itincre
625 2242 857 2297 ramulos
889 2243 1146 2298 minimos
1181 2244 1435 2316 periostio
1460 2256 1511 2302 &
1536 2250 1850 2322 pinguedini
1869 2252 1969 2310 lar-

204 2319 384 2390 gitur,
433 2316 525 2370 vbi
570 2331 750 2370 autem
785 2314 1052 2373 musculus
1094 2317 1316 2373 inferior
1352 2320 1419 2375 ab
1459 2325 1712 2380 exteriori
1754 2324 1967 2395 secedit,

204 2391 396 2448 venula
433 2391 517 2445 illa
560 2390 731 2445 statim
762 2392 824 2446 ad
872 2411 1098 2446 neruum
1130 2395 1377 2466 opticum
1409 2397 1529 2469 post
1560 2401 1762 2455 exitum
1798 2421 1861 2457 ex
1884 2402 1967 2459 fo-

204 2473 409 2522 ramine
449 2464 637 2537 optico
691 2464 985 2521 extrorsum
1031 2468 1231 2522 flexum
1274 2466 1574 2535 adscendit,
1631 2477 1681 2531 &
1731 2482 1969 2545 primum

205 2542 424 2618 quidem
463 2541 528 2596 ad
554 2539 755 2616 aliquot
774 2540 1034 2597 linearum
1060 2539 1285 2620 spatium
1303 2544 1441 2602 inter
1474 2544 1607 2622 ipsas
1633 2549 1849 2614 laminas
1882 2571 1971 2606 va-

1813 2648 1970 2726 ginae

271 2793 349 2853 (c)
385 2792 558 2855 Dtffrrt.
583 2793 635 2842 de
665 2800 820 2844 retina.
839 2800 886 2856 ff.
911 2813 981 2844 22.

1090 2906 1151 2963 H
1169 2906 1208 2962 h
1227 2927 1277 2961 12
