2356 3260
457 202 466 210 ,
536 200 544 203 ,
598 168 839 229 „jejun
887 170 1015 209 VII.
1059 171 1151 209 DE
1205 168 1492 212 ORBITA.
1772 213 1773 216 ,
1889 172 2009 226 157,

215 291 499 369 {effrontis
518 297 759 356 >anterius
786 290 895 348 offe
919 293 1077 366 iugali
1101 295 1438 359 terminatur,
1462 291 1679 348 inferius
1700 304 1880 348 autem
1905 291 1992 349 fis·
2063 317 2066 319 1

214 366 331 449 sura
355 368 677 450 sphenoidea
694 365 951 449 ¹inferiori
979 367 1054 423 ab
1072 367 1181 424 offe
1204 370 1460 425 maxillari
1492 367 1657 423 distat.

359 473 619 530 parietem
644 473 781 528 hanc
804 487 1076 529 externam
1100 471 1316 528 demum
1354 473 1568 547 perficit
1600 469 1831 540 anterius
1863 489 1988 547 pars

215 547 333 607 offis
359 550 573 622 ingaliS‚
617 554 878 610 concaua,
902 547 1084 612 laeuiS,
1107 549 1234 611 lata,
1261 567 1396 621 quae
1422 554 1478 603 in
1513 550 1668 604 lunae
1703 546 1987 606 crescentis

213 627 441 681 modum
459 641 487 677 a
506 622 676 697 priori
695 621 851 696 gibba
872 639 1024 694 parte
1042 625 1093 675 in
1118 622 1322 676 orbitae
1338 641 1528 676 cauum
1553 622 1760 686 reflexa,
1784 620 1986 678 sursum

213 700 287 756 ad
305 717 366 753 os
389 695 604 760 frontis,
645 693 935 752 retrorsum
955 697 1017 750 ad
1041 695 1343 769 process'um
1374 697 1641 752 lateralem
1679 696 1805 752 offis
1834 695 1999 770 sphe·

209 772 423 835 noidei,
463 766 713 826 deorsum
734 771 798 825 ad
821 790 881 825 os
907 771 1173 826 maxillare
1199 772 1566 843 progreditur,
1591 790 1716 825 cum
1737 790 1847 844 quo
1872 789 1987 825 non

209 844 386 902 solum
409 852 462 901 in
488 863 624 900 cauo
646 845 847 900 orbitae
864 888 877 909 ,
897 842 982 900 sed
1006 845 1248 917 processu
1265 864 1484 919 quoque
1507 844 1600 900 suo
1622 844 1691 902 fic
1710 846 1856 901 dicto
1878 863 1988 901 ma-

209 920 401 985 xillari,
425 921 692 976 eminente
711 920 977 992 iungitur,
1004 923 1051 974 ὃ(
1078 919 1146 974 fic
1170 921 1411 993 inprimis
1434 923 1732 994 marginem
1756 925 1987 975 anterio·

208 1013 394 1059 rem,a
414 1010 559 1067 parte
586 993 886 1050 inferiori&
915 995 1165 1049 exteriori
1183 995 1411 1049 maxima
1435 1015 1500 1050 ex
1521 1011 1669 1069 parte
1693 995 1984 1050 constituit.

208 1071 274 1125 In
304 1069 405 1124 hac
432 1085 586 1142 parte
611 1068 736 1123 offis
760 1069 941 1141 iugalis
964 1075 1020 1124 in
1049 1070 1222 1124 orbita
1247 1084 1463 1142 apparet
1477 1067 1735 1131 foramen,
1755 1069 1903 1141 quod
1927 1069 1983 1123 in

207 1143 445 1201 canalem
475 1144 638 1208 ducit,
655 1149 748 1216 qui
784 1162 1012 1199 neruum
1038 1141 1421 1200 subcutaneum
1445 1145 1613 1200 malae
1643 1144 1818 1218 quinti
1843 1142 1985 1218 paris

206 1232 419 1274 emittit.

262 1354 269 1361 ·
354 1318 727 1373 Pauimentum
745 1317 975 1391 denique
1000 1317 1204 1372 orbitae
1232 1320 1345 1379 fere
1368 1334 1550 1375 totum
1573 1318 1698 1375 facit
1717 1316 1840 1373 offis
1869 1323 1980 1372 ma*

204 1391 398 1448 xillaris
418 1412 536 1465 pars
561 1390 712 1465 supra
753 1410 966 1446 antrum
993 1392 1324 1464 Highmori,
1367 1395 1566 1458 tenuis,
1606 1395 1776 1468 plana,
1801 1391 1982 1456 laeuiS‚

202 1467 526 1542 plerumque,
549 1464 736 1528 sol-ida,
768 1466 1036 1520 interdum
1071 1485 1135 1520 ex
1165 1466 1368 1521 duabus
1403 1467 1622 1523 lamellis
1662 1467 1981 1540 composita,

204 1560 338 1615 quae
361 1542 497 1597 inter
516 1538 820 1613 proceffum
846 1540 1167 1607 maxillarem
1186 1539 1300 1596 offis
1325 1542 1510 1614 iugalis
1524 1585 1537 1607 ,
1566 1545 1614 1597 &
1640 1543 1778 1598 inter
1799 1560 1860 1596 os
1876 1559 1980 1595 vn·-

203 1622 321 1689 guis
344 1635 407 1669 ex
428 1615 696 1686 principio
726 1614 1011 1685 angustiori
1037 1614 1260 1680 latescit,
1285 1617 1498 1671 acclinis
1523 1618 1586 1672 ad
1611 1633 1817 1691 partem
1843 1616 1981 1671 inte-

191 1691 461 1745 riorem&
481 1686 852 1760 posteriorem.
894 1687 1132 1759 iungitur
1157 1708 1183 1742 a
1208 1706 1356 1762 parte
1375 1693 1618 1746 interiori
1642 1691 1740 1746 offi
1766 1690 1976 1761 Vnguis,

202 1761 293 1820 offi
318 1763 572 1835 plan0‚&
592 1761 811 1814 demum
835 1759 923 1814 offi
948 1763 1208 1833 palatim,
1232 1765 1379 1836 quod
1421 1765 1608 1837 exigua
1631 1781 1782 1838 parte
1801 1764 1972 1837 plana,

199 1837 359 1902 laeui,
379 1836 684 1907 portionem
709 1835 1063 1906 posteriorem
1087 1839 1379 1909 pauimenti
1403 1840 1611 1894 orbitae
1634 1838 1859 1911 perficit.
1889 1838 1973 1892 Os

202 1912 333 1967 illud
370 1910 632 1964 maxillare
673 1927 797 1963 cum
841 1909 1073 1981 palatino
1118 1909 1380 1982 separatur
1412 1932 1439 1966 a
1485 1911 1731 1986 proceffu
1771 1909 1972 1967 laterali

200 1981 531 2059 sphenoigleo
552 1981 720 2038 fiffura
748 1981 1072 2055 sphenoidea
1097 1984 1510 2059 infcriori‚quae
1540 1988 1714 2061 anapla
1742 1989 1794 2042 in
1826 1987 1973 2061 prio-

200 2078 257 2116 ta
280 2062 327 2115 ὃς
356 2061 617 2114 exteriora
643 2057 706 2111 ad
729 2076 790 2112 os
815 2077 982 2129 vsque
1008 2061 1180 2130 iugale
1207 2063 1475 2132 procedit,
1519 2061 1623 2117 fine
1655 2063 1829 2117 latiori
1862 2079 1973 2114 am-

200 2134 287 2208 pla
308 2134 601 2190 terminata.
644 2131 733 2186 Ab
751 2131 834 2186 illa
858 2131 1033 2187 fill'ura
1050 2151 1171 2202 ante
1192 2136 1304 2189 eius
1329 2135 1487 2190 finem
1513 2139 1831 2192 anteriorem
1857 2151 1971 2189 tan-
2043 2159 2052 2162 ’

201 2227 360 2282 quam
387 2227 561 2263 ramus
582 2204 772 2262 secedit
796 2208 985 2262 duffliis
1015 2209 1389 2264 intraorbitalis
1418 2252 1432 2274 ,
1485 2210 1538 2264 in
1572 2210 1687 2283 ipso
1718 2208 1825 2265 osse
1859 2227 1970 2263 ma·

199 2284 365 2339 xillari
388 2280 715 2354 exsculptus,
747 2282 837 2354 qui
864 2283 1097 2354 primum
1123 2282 1357 2355 superius
1378 2300 1562 2357 patens
1584 2287 1635 2339 in
1665 2303 1856 2344 verum
1879 2284 1969 2339 de-

197 2377 347 2413 mum
374 2357 610 2411 canalem
634 2352 832 2409 offeum
860 2358 979 2412 abit.
1051 2359 1106 2410 ln
1140 2359 1390 2413 omnibus
1420 2358 1529 2413 fere
1552 2358 1752 2415 sceleris
1772 2359 1964 2413 lamina

200 2433 284 2488 illa
308 2430 475 2496 offea,
519 2448 652 2503 quae
690 2430 869 2484 duclui
907 2430 1250 2486 inftaorbitali
1280 2433 1526 2505 imposita
1562 2436 1658 2499 est,
1700 2432 1874 2489 sutura
1904 2432 1969 2486 ad

200 2524 356 2562 oram
395 2505 714 2560 anteriorem
743 2505 946 2562 orbitae
975 2524 1142 2578 vsque
1169 2509 1441 2564 dirimitur
1468 2553 1476 2566 ,
1519 2509 1657 2565 inter
1690 2527 1847 2578 quam
1888 2504 1968 2560 su-

196 2595 369 2637 turam
396 2582 444 2633 &
466 2579 667 2634 sulcum
690 2597 792 2651 pro
816 2577 969 2635 sacco
995 2581 1266 2655 lacrymali
1291 2581 1553 2655 depressio
1578 2585 1629 2636 in
1655 2581 1762 2637 osse
1784 2579 1966 2635 maxil-

196 2654 292 2710 lari
317 2651 649 2716 obseruatur,
692 2655 831 2709 vnde
854 2654 1120 2710 musculus
1157 2655 1404 2729 obliquus
1444 2656 1664 2711 inferior
1697 2657 1968 2727 originem

195 2730 358 2784 ducit.
430 2726 627 2800 Margo
652 2728 868 2783 demum
890 2734 1124 2783 anterior
1152 2731 1419 2802 paululum
1447 2731 1687 2785 eminens
1711 2730 1834 2785 offis
1855 2747 1966 2784 ma-

190 2803 386 2861 xillaris
429 2816 550 2859 ante
587 2819 650 2857 os
686 2805 876 2877 vnguis
904 2801 1199 2934 adscenxglit,
1241 2805 1332 2860 vbi
1360 2806 1589 2878 aliquam
1617 2822 1823 2879 partem
1843 2804 1975 2933 5ethi«

291 2902 298 2910 s
787 2922 811 2935 κ
1171 2900 1194 2950 3
1899 2894 1964 2933 us
