2356 3260
321 204 398 259 40
523 199 945 246 DESCRIPTIO
984 196 1310 242 ANATOM.
1345 199 1558 241 OCVLI
1595 197 1895 244 HVMAN!

329 349 400 389 na
422 328 558 388 facie
581 327 902 403 conspicuae
925 326 1195 383 anteriora
1214 323 1392 383 versus
1416 325 1712 384 decurrunt
1726 328 1850 398 (m).
1889 323 2119 402 Ipsade-

331 408 494 482 nique
519 405 636 480 piae
665 403 846 459 matris
873 406 928 459 δε
954 402 1230 460 choroidis
1259 402 1456 458 fabrica
1490 400 1861 472 diuersissima,
1894 402 2119 477 opinio-

329 482 412 547 ni,
452 481 776 539 choroidem
798 476 900 534 esse
926 479 1162 535 tunicam
1198 481 1492 553 propriam,
1513 479 1586 534 ita
1623 475 1788 543 fauet,
1825 475 1886 534 vt
1913 477 2118 534 nullam

330 555 442 613 fere
463 555 855 612 dubitationem
881 554 1188 628 'relinquere
1215 555 1457 609 videatur
1497 557 1621 626 (n),
1666 554 1730 611 ad
1765 571 1927 631 quam
1959 553 2120 611 adcu-

324 632 492 692 ratius
518 630 874 708 indagandam
894 631 1125 706 propius
1152 649 1299 688 nunc
1332 628 1671 688 accedemus,

1117 761 1165 837 ς.
1244 760 1349 819 Vl.

438 856 770 950 Descriptio
803 836 1092 946 fabricae
1140 860 1430 928 choroidis
1468 859 1533 924 in
1576 859 1738 924 oculo
1775 860 2004 924 recenti*

1042 963 1400 1050 obseruatae.

482 1101 794 1165 Choroides
839 1102 1022 1160 tunica
1068 1100 1299 1159 conflata
1328 1103 1402 1159 est
1438 1121 1503 1158 ex
1549 1102 1845 1158 innumeris
1885 1097 2122 1167 vasculis,

333 1191 443 1237 tam
475 1177 764 1243 arteriofi8‚
806 1198 969 1253 quam
1004 1180 1249 1243 venofi3‚
1293 1178 1641 1234 cellulofitate
1677 1175 1942 1233 subtiliori
1974 1183 2121 1233 miro

333 1252 560 1311 artificio
589 1260 647 1308 in
675 1273 838 1308 Vnam
865 1254 1025 1309 telam
1052 1254 1374 1312 coniunffis.
1451 1254 1492 1309 F
1497 1253 1732 1309 abricam
1762 1249 2124 1308 illam-vascu-

332 1327 498 1385 losam
524 1347 650 1385 cum
679 1345 962 1386 GALENo
1007 1331 1090 1402 (ο)
1126 1330 1176 1382 &
1214 1346 1394 1383 RVFO
1445 1346 1750 1384 EPHEsio
1787 1327 1890 1399 (p)
1930 1343 2124 1382 omnes

331 1403 474 1468 fere,
518 1404 611 1477 qui
633 1400 795 1460 secuti
836 1402 977 1468 sunt,
1019 1403 1339 1459 Anatomici
1370 1399 1643 1475 agnouisse
1665 1402 1942 1465 videntur,
1970 1401 2027 1456 in
2053 1419 2125 1458 eo

335 1476 755 1543 consentienteS‚
770 1477 897 1534 huic
923 1478 1136 1535 tunicae
1158 1477 1658 1532 denominationem
1684 1476 1961 1532 choroidis
1985 1476 2126 1534 hanc

337 1553 414 1610 ob
446 1551 672 1611 caussam
711 1550 862 1609 fuisse
897 1554 1101 1617 datam,
1147 1551 1298 1625 quod
1337 1551 1497 1607 instar
1533 1550 1705 1607 chorii
1747 1551 1974 1623 plurima
2007 1547 2126 1608 vasa

336 1629 477 1686 inter
500 1626 549 1684 se
581 1627 877 1702 colligaret.
960 1627 1221 1685 Nonnulli
1239 1645 1419 1683 tamen
1444 1625 1662 1683 fuerunt
1686 1627 1825 1683 inter
1858 1627 2125 1683 recentio-

339 1723 450 1768 τες,
477 1705 570 1778 qui
597 1718 806 1778 praeter
832 1700 1045 1760 vascula
1075 1701 1236 1759 fibras
1260 1704 1554 1776 peculiares
1588 1717 1724 1757 atras
1752 1701 1807 1756 in
1842 1720 1900 1756 ea
1926 1699 2019 1756 fibi
2046 1701 2126 1758 vi-

338 1778 413 1837 sas
436 1777 584 1835 fuisse
612 1779 946 1844 docuerunt,
987 1781 1036 1834 &
1062 1775 1170 1851 ipse
1193 1794 1339 1833 MOR
1356 1795 1447 1835 GA
1463 1794 1495 1831 G
1511 1796 1555 1834 N
1574 1796 1586 1832 1
1603 1795 1674 1832 vs
1700 1776 2018 1833 choroidem
2045 1778 2126 1833 in·

339 1856 527 1931 primis
549 1873 612 1910 ex
643 1853 789 1910 fibris
825 1854 982 1911 reE’tis
1023 1854 1172 1916 atris,
1207 1869 1337 1925 quas
1365 1871 1394 1906 a
1423 1849 1648 1908 vasculis
1685 1849 1907 1909 sollicite
1947 1853 2127 1909 distin*

341 1931 484 2006 guit‚
530 1928 795 2003 componi
821 1927 1063 1985 affirmat.
1097 1928 1188 2000 (q)
1267 1925 1484 1980 Praeter
1508 1925 1657 1980 illum
1683 1942 1863 1982 autem
1900 1945 2128 1985 ANTO-

341 2022 504 2064 Nxvs
548 2022 643 2059 MA
659 2023 724 2059 ιτ
741 2021 961 2060 REIEA
978 2022 1025 2060 N
1048 2003 1125 2074 (r)
1170 2018 1392 2075 quoque
1413 1996 1660 2056 describit
1680 1999 1835 2056 fibras
1852 2043 1864 2065 ‚
1899 2019 1928 2055 a
1954 2019 2127 2058 mem·

341 2077 579 2136 branofis
612 2078 876 2136 distinctas
901 2120 913 2145 ,
957 2087 1009 2136 δε
1039 2076 1104 2133 ab
1125 2074 1358 2148 ingressu
1379 2075 1531 2131 nerui
1555 2076 1894 2150 opticirecla
1912 2092 2129 2133 antror-

343 2154 457 2212 sum
485 2155 793 2219 tendenteS,
830 2172 1067 2229 quorum
1101 2167 1279 2208 tamen
1305 2150 1557 2226 plurimas
1580 2152 1635 2206 in
1659 2151 1848 2208 itinere
1871 2153 2015 2207 viam
2044 2169 2127 2208 re-

345 2231 486 2287 &am
507 2226 804 2286 deserentes
826 2230 880 2285 in
907 2228 1143 2285 vortices
1162 2226 1516 2283 circumfleffl
1537 2224 1774 2283 affirmat.
1813 2227 1987 2283 Facile
2010 2227 2128 2302 qui-‘-

349 2307 475 2362 dem
500 2320 744 2379 apparet,
766 2306 915 2362 hunc
935 2304 1067 2360 nihil
1104 2303 1244 2359 aliud
1269 2304 1366 2358 nifi
1393 2299 1500 2378 ipsa
1531 2299 1647 2358 vasa
1673 2300 1945 2359 vorticosa
1966 2304 2128 2359 vidis·

345 2378 425 2453 se,
466 2380 517 2436 8<
537 2382 840 2438 accuratior
863 2378 1091 2438 fabricae
1113 2377 1390 2436 choroidis
1419 2373 1707 2453 descriptio
1729 2377 1938 2452 optime
1963 2379 2128 2434 doce·

2030 2452 2128 2521 bit,

408 2616 483 2675 (m)
519 2616 622 2662 Vid.
654 2617 702 2665 T.
718 2616 749 2661 1.
753 2611 802 2674 f
816 2614 848 2660 1.
1342 2615 1407 2672 (p)
1439 2616 1505 2658 De
1521 2617 1716 2669 appellat.
1733 2625 1848 2670 part.
1884 2625 1989 2672 corp.
2020 2616 2126 2661 hum.

417 2684 489 2743 (n)
520 2683 657 2729 Cous.
709 2697 822 2742 quae
872 2681 956 2726 iam
1003 2681 1211 2733 dixiffluS.
1275 2686 1305 2728 l.
1327 2697 1356 2728 1.
1379 2698 1414 2727 c.
1443 2696 1518 2742 23.
1539 2685 1568 2725 l.
1598 2698 1639 2726 2..
1665 2698 1698 2726 c.
1727 2696 1769 2742 3.

355 2754 580 2800 comment.
602 2755 701 2807 Reg.
725 2753 811 2794 Soc.
836 2749 988 2798 Scient.
1016 2750 1211 2807 Gotting,
1347 2749 1421 2809 (q)
1457 2746 1587 2805 Epist.
1610 2759 1728 2797 anat.
1763 2751 1814 2804 ρ’.
1845 2749 1986 2794 XVII.
2020 2748 2067 2805 ,οἳ
2092 2765 2130 2796 2.

360 2819 409 2860 T.
436 2819 509 2860 ΠΙ.
521 2817 653 2877 firm.
677 2819 731 2863 de
748 2815 905 2862 tunicis
936 2815 986 2863 65
1015 2814 1211 2876 mtfiulis
1276 2819 1511 2863 Adustum.
1525 2815 1817 2865 Vranimadu.
1837 2829 1911 2867 70.
2091 2807 2106 2814 ”

356 2882 477 2927 oculi.
502 2887 550 2938 „6-
584 2888 641 2928 V„
1343 2885 1418 2942 (r)
1458 2881 1600 2927 Traia}
1620 2886 1692 2930 des
1703 2882 1903 2929 maladies
1925 2885 1977 2930 (le
1996 2882 2128 2932 l’oeil.

428 2948 495 3010 (o)
533 2952 599 2995 De
627 2948 700 3012 τψῖι
720 2961 837 3010 part„
860 2953 907 2997 L.
931 2950 986 3001 X.
1008 2966 1042 2998 c·
1070 2966 1113 3001 2.
1271 2962 1318 3009 p.
1353 2964 1432 3014 23.
1474 2964 1550 3011 ²4·
2027 2945 2030 2947 ’
