2356 3260
608 213 751 256 cAP.
801 213 878 252 IX.
921 214 1012 252 DE
1054 212 1301 254 NERVIS
1341 210 1567 250 OCVLI.
1868 207 1966 245 201

202 337 465 396 trunculis
491 338 584 395 fibi
607 335 1052 396 adcumbentibus
1080 339 1129 392 ὃς
1156 341 1210 392 in
1236 333 1580 409 receptaculo
1604 328 1823 388 demum
1843 329 1977 386 ffvni-

203 416 270 471 tis
292 416 627 488 compositus
646 415 779 468 infra
799 430 1030 467 neruum
1053 411 1501 486 quintum‚magis
1532 425 1712 464 tamen
1741 405 1807 461 ad
1840 407 1979 461 inte-

203 491 345 545 riora
368 489 752 562 duplicaturam
782 488 943 543 durae
979 493 1158 543 matris
1178 488 1338 542 intrat
1363 488 1476 557 (a),
1519 503 1545 538 a
1571 484 1752 557 primo
1774 481 1977 555 ingres-

203 563 261 619 su
285 565 340 619 in
384 563 577 619 hedera
612 563 895 637 posteriori
927 564 1088 635 partis
1125 560 1364 635 petrosae
1393 559 1511 615 offis
1544 574 1857 630 temporum
1890 555 1979 611 ad-

204 636 436 702 scendit,
477 641 526 693 8<
550 637 699 694 fimul
726 637 987 694 exteriora
1006 637 1185 692 versus
1209 636 1404 708 vergit,
1441 637 1491 689 ὃ(
1517 634 1577 690 in
1603 630 1774 706 ipsum
1807 629 1981 685 finum

207 709 560 769 cauernosum
592 711 839 786 sanguine
874 712 1096 784 plenum
1122 710 1171 766 se
1194 710 1486 784 demergit,
1517 708 1571 761 in
1606 725 1717 780 quo
1756 705 1982 761 carotidi

207 806 271 844 ex
297 787 464 841 canali
497 787 721 860 egress'ae
746 790 793 843 ὅ(
819 785 1109 841 secundum
1140 784 1311 841 sellam
1335 785 1584 858 equinam
1617 778 1856 837 flexuose
1890 799 1981 835 an-

203 859 438 919 trorsum
465 868 794 926 incarnatae,
822 861 986 916 multa
1016 862 1169 917 molli
1206 858 1458 918 cellulosa
1495 857 1807 920 adhaerenS‚
1846 855 1982 910 radi-

205 956 324 994 cem
354 938 698 993 intercostalis
723 937 832 992 edit
871 936 972 1010 (b).
1039 937 1176 1009 Qo
1203 937 1331 992 dato
1353 937 1408 990 in
1434 933 1617 990 medio
1639 929 1891 1001 sanguine
1915 929 1983 986 ad

205 1013 339 1068 latus
365 1015 592 1068 exterius
633 1012 884 1069 carotidis
916 1010 1220 1066 antrorsurn
1252 1012 1456 1066 delatus
1497 1006 1758 1070 rubellu5‚
1795 1008 1847 1060 ὅ(
1875 1005 1984 1061 bal-

205 1106 312 1142 neo
341 1084 603 1159 sanguinis
643 1088 795 1144 calidi
818 1104 1008 1160 parum
1029 1086 1268 1141 tumidus
1310 1086 1433 1159 (c),
1465 1081 1762 1137 carotidem
1784 1079 1985 1136 intror-

206 1159 323 1216 sum
356 1164 405 1216 &
436 1160 634 1216 sursum
661 1161 853 1218 flexam
877 1159 1060 1216 sensim
1084 1159 1297 1224 deserit,
1337 1162 1387 1213 &
1408 1156 1562 1231 supra
1587 1157 1859 1230 originem
1890 1173 1986 1209 ve-

206 1255 306 1291 nae
329 1237 686 1309 opthalmieae
713 1255 777 1291 ex
812 1235 923 1291 finu
946 1233 1240 1290 cauernoso
1269 1231 1639 1307 prouenientis
1663 1231 1719 1284 in
1748 1228 1986 1284 orbitam

205 1327 481 1385 penetrat,
517 1329 816 1367 neruorum
832 1314 1094 1376 extimum
1119 1312 1168 1363 ὅ(
1193 1328 1319 1364 cum
1344 1325 1497 1364 ramo
1523 1303 1677 1360 nasali
1702 1303 1875 1378 quinti
1900 1320 1989 1377 pa-

207 1387 278 1443 ris
304 1388 353 1440 &
379 1404 554 1442 neruo
579 1388 744 1443 tertio
760 1428 773 1449 ‚
812 1389 961 1440 cuius
984 1402 1138 1439 ramo
1161 1382 1435 1448 inferiori,
1456 1381 1685 1437 interius
1706 1379 1879 1434 multa
1894 1377 1995 1439 cel-

207 1459 372 1517 lulosa
401 1461 725 1525 adneffltur‚
763 1461 818 1514 in
843 1476 1011 1513 vnum
1034 1455 1340 1514 fasciculum
1354 1456 1565 1512 iunetus
1601 1457 1652 1509 δε
1680 1471 1777 1528 per
1825 1453 1991 1509 inter-

208 1536 407 1592 vallum
428 1533 651 1591 musculi
671 1533 983 1590 abducentis
1011 1532 1065 1587 in
1092 1550 1283 1589 cauum
1317 1527 1681 1586 musculosum
1717 1525 1992 1602 ingressu&

214 1611 387 1667 statim
411 1607 710 1664 musculum
733 1608 886 1662 illum
919 1606 1277 1664 abducentem
1310 1607 1444 1669 adit,
1487 1605 1637 1659 cuius
1674 1601 1828 1658 faciei
1856 1607 1998 1659 inte-

212 1684 345 1739 riori
372 1683 548 1738 multis
572 1682 729 1736 ramis
753 1677 1010 1735 inseritur.
1089 1680 1188 1735 Vti
1212 1680 1280 1734 de
1304 1695 1500 1752 quarto
1533 1678 1649 1751 pari
1674 1673 1879 1733 dietum
1900 1677 1993 1742 est,

213 1759 281 1815 de
311 1758 421 1813 hoc
443 1774 660 1830 quoque
685 1753 1085 1809 obseruationes
1111 1771 1264 1809 meae
1296 1772 1389 1809 me>
1414 1754 1743 1817 docuerunt,
1782 1765 1997 1825 praeter

217 1833 449 1890 radicem
469 1832 533 1886 ad
560 1829 949 1886 intercostalem
980 1828 1037 1883 in
1071 1843 1193 1885 toto
1225 1828 1420 1885 itinere
1451 1845 1522 1885 ne
1551 1826 1845 1884 minimum
1877 1826 1998 1900 qui-

220 1909 344 1964 dem
368 1904 638 1963 surculum
660 1904 850 1961 emitti.
1884 1907 1889 1914 “

970 2033 1025 2108 §.
1106 2034 1250 2094 Vll.

311 2155 552 2239 Duplex
576 2152 768 2220 radix,
769 2147 957 2251 firm,
977 2146 1047 2228 ᾄό
1059 2150 1271 2251 figura
1290 2152 1525 2239 ganglii
1544 2149 1907 2237 opthalmici.

373 2285 667 2361 Supersunt
687 2286 857 2345 adhue
886 2284 1218 2344 describendi
1249 2283 1483 2343 celebres
1518 2284 1592 2341 illi
1620 2282 1830 2341 neruuli
1856 2282 1999 2342 cilia-
2058 2328 2062 2338 r

226 2380 332 2430 τες,
372 2381 437 2420 ex
459 2361 676 2437 ganglio
695 2362 1026 2437 opthalmico
1052 2362 1188 2429 orti,
1232 2361 1299 2418 ad
1319 2359 1596 2417 historiam
1616 2377 1915 2418 neruorum
1938 2379 2000 2492 ol}

1889 2452 1959 2490 cu

295 2597 392 2658 (a)
424 2597 540 2642 Vide
577 2595 638 2641 111.
682 2611 712 2641 H
727 2612 754 2643 A
771 2609 942 2644 LLEM
979 2599 1083 2642 icon.
1151 2596 1195 2641 in
1219 2592 1323 2642 Tab.
1347 2594 1539 2640 adiunffla
1562 2593 1670 2654 Diffi
1695 2592 1746 2641 de
1770 2600 1918 2661 quinto
1922 2607 2008 2662 pa-

232 2665 315 2730 bas.
340 2667 496 2711 cranii.
1151 2679 1196 2709 rc
1216 2679 1441 2709 neruorum
1461 2658 1636 2707 cerebri.

302 2731 387 2793 (b)
422 2731 536 2776 Vide
560 2729 774 2789 originem
803 2729 1086 2777 intercostalis
1221 2731 1310 2790 (c)
1345 2727 1536 2774 Multum
1563 2741 1707 2775 tamen
1730 2727 1849 2776 mole
1863 2728 2012 2793 augeri

233 2801 388 2862 piflam
413 2799 466 2843 ab
493 2797 556 2847 111.
585 2812 846 2844 HALLl-:Ro
869 2804 972 2845 icon,
1000 2794 1088 2858 bafi
1154 2812 1244 2842 non
1265 2798 1467 2850 videtur,
1502 2795 1566 2840 vti
1588 2811 1612 2841 P
1627 2810 1807 2844 ETITV
1822 2813 1841 2843 s
1873 2796 2013 2846 credi-

237 2882 354 2918 cran.
374 2866 440 2913 lit.
466 2881 499 2912 s,
524 2868 564 2912 &
600 2879 622 2911 a
646 2864 739 2916 Cel.
774 2879 1082 2915 MECKELIO
1149 2864 1217 2910 dit
1242 2868 1371 2912 Mem.
1391 2865 1571 2927 1727.&
1600 2861 1704 2914 Tab.
1724 2862 1828 2915 add.

1157 2954 1266 3013 Cc
