2356 3260
327 188 433 258 236
530 198 953 241 DescmPTxo
991 202 1326 242 ANATOM.
1373 205 1591 244 ocvm
1634 206 1927 249 HVMAN1

325 326 482 382 etiam
505 344 569 382 ex
589 327 713 391 illis,
738 326 1000 382 trunculis
1020 327 1378 384 transuersum
1403 329 1811 385 decurrentibus
1833 332 1963 386 vafis
1984 351 2114 389 vox·-

322 403 477 458 ticofi
503 402 556 456 in
585 401 822 457 ramulos
848 402 1083 459 minores
1111 402 1263 459 diuisi
1290 404 1662 477 frequentibus
1693 406 2113 465 anastomofibus

321 482 625 549 iunguntur
644 495 768 532 cum
784 478 999 533 ramulis
1014 477 1265 535 fimilibus
1280 480 1408 536 valis
1422 482 1680 554 vorticofi
1705 480 2022 555 vicini,quas
2038 500 2113 540 et-

321 552 428 607 iarn
453 552 809 609 anastomoses
833 554 1050 627 egregie
1069 556 1316 629 depinxit
1334 556 2115 628 1}1.HAL1AERvs(p).V-ortices

321 627 467 682 enim
480 628 599 683 illos
624 634 858 684 maiores
882 629 953 684 ita
978 629 1091 685 fere
1109 628 1315 705 semper
1335 633 1617 705 dilpofitos
1639 632 1830 705 reperi,
1851 648 1912 687 vt
1924 632 2038 688 bini
2061 638 2114 691 δι

321 702 435 759 bini
456 704 645 769 latere,
674 723 787 778 quo
818 723 998 761 ramos
1029 704 1353 771 fundunt,se
1374 707 1606 763 inuicem
1630 708 1937 781 respiciant,
1961 711 2009 763 ἃ
2035 727 2116 765 ra-

322 797 444 834 nios
466 779 796 835 transuersos
816 777 888 834 sui
906 781 1160 837 fimilibus
1183 799 1533 838 occurrentes
1553 782 1648 838 fibi
1666 782 1909 847 tendant.
1929 787 2114 840 Trun-

322 854 431 909 culi
457 871 636 910 autem
671 874 736 911 ex
758 856 972 911 vortice
998 858 1106 925 nati
1131 858 1424 914 anteriores
1449 859 1564 921 alii,
1606 873 1667 913 vt
1702 859 1770 913 de
1801 858 2113 931 posteriori-

321 927 422 999 bus
451 931 653 985 dietum
680 931 777 995 est,
822 932 944 1006 post
968 931 1254 987 decursum
1273 952 1370 1007 per
1397 933 1719 989 exteriorem
1744 932 2020 990 choroidis
2040 933 2111 989 fa-

322 1006 460 1062 ciem
493 1004 849 1063 transuersum
872 1007 973 1062 iter
1005 1025 1244 1073 mutant,
1288 1011 1337 1064 &
1363 1009 1416 1064 in
1439 1008 1709 1064 contraria
1726 1009 2001 1083 prioribus
2034 1011 2114 1064 di-

321 1081 563 1136 re'fflone
586 1079 893 1137 anti-orsum
921 1081 1190 1148 feruntur,
1233 1085 1396 1140 duelu
1423 1104 1546 1140 cum
1570 1084 1668 1139 illis
1697 1086 1951 1158 parallelo
1974 1129 1988 1149 ,
2020 1085 2112 1158 qui

320 1155 451 1211 loco
476 1162 644 1230 magis
674 1158 929 1212 anteriori
953 1160 1062 1213 nati
1083 1159 1254 1214 statim
1280 1162 1389 1216 fine
1412 1161 1525 1215 vllo
1554 1179 1681 1214 arcu
1704 1158 1844 1216 facio
1872 1163 1921 1215 8<
1946 1162 1998 1214 iu
2027 1179 2112 1214 ea·

320 1232 447 1287 dem
479 1233 592 1287 iere
617 1249 747 1287 cum
784 1248 982 1289 trunco
1005 1234 1302 1290 directione
1324 1234 1669 1308 copioslffimi
1704 1237 1767 1290 ad
1802 1235 2111 1291 orbiculum

320 1306 560 1362 ciliarem
618 1324 874 1382 pergunt.
995 1307 1292 1365 Paucissimi
1341 1311 1572 1385 denique
1630 1329 1695 1365 ex
1735 1313 1902 1367 altero
1951 1311 2112 1366 latere

319 1388 498 1439 trunci
525 1384 659 1448 orti,
702 1381 886 1439 versus
908 1384 1127 1440 alteram
1169 1384 1380 1460 plagam
1411 1387 1702 1453 incedunt,
1737 1390 1785 1442 ἃ
1824 1387 2020 1461 partim
2053 1386 2111 1440 in

319 1457 587 1514 ehoroide
613 1457 951 1523 euanescu'nt,
971 1461 1164 1532 partim
1184 1461 1540 1515 anastomofin
1570 1481 1697 1516 cum
1721 1464 1907 1519 vicino
1931 1463 2111 1516 valcu-

319 1532 376 1587 lo
423 1531 704 1661 vtfirticoso
736 1533 939 1589 minori
981 1534 1182 1590 habent
1204 1577 1223 1611 ,Ι
1266 1536 1332 1590 de
1363 1535 1561 1608 quibus
1599 1536 1812 1592 dicendi
1842 1556 1989 1593 nunc
2027 1535 2108 1590 lo·

321 1625 417 1663 cus
439 1626 466 1662 e
515 1650 527 1664 .

303 1778 308 1781 ,
469 1728 728 1802 Superius
751 1746 950 1803 nempe
972 1729 1078 1784 iam
1102 1729 1235 1794 dixi,
1259 1744 1496 1802 quatuor
1519 1727 1739 1802 quidem
1759 1743 1853 1785 aut
1870 1729 2110 1804 quinque

319 1804 641 1879 plerumque
671 1802 842 1860 adesse
864 1821 1090 1860 truncos
1113 1804 1371 1869 venosOS,
1394 1805 1487 1878 qui
1518 1802 1807 1877 conspicua
1835 1804 2108 1876 pulchrio-

320 1899 377 1935 ra
413 1879 498 1934 illa
545 1877 659 1933 vasa
698 1877 966 1935 vorticosa
997 1877 1262 1944 efficiunt,
1301 1880 1452 1953 plura
1489 1896 1668 1934 tamen
1697 1877 1866 1934 adesse
1901 1877 2108 1936 vascula

320 1952 547 2018 venosa,
581 1955 646 2008 ad
673 1956 863 2010 decem
888 1957 937 2008 8<
966 1955 1256 2010 duodecim
1275 1956 1479 2028 ‘vsque,
1521 1955 1712 2010 eodem
1735 1956 1910 2010 modo
1932 1956 2106 2010 medi-

319 2049 403 2095 am
434 2027 766 2085 scleroticam
802 2028 1158 2101 perforantia,
1194 2049 1431 2103 quorum
1463 2029 1557 2083 alia
1601 2031 1826 2091 maiora,
1868 2031 2106 2086 vortices

319 2102 582 2173 efficiunt,
606 2106 950 2178 quimaiores
978 2106 1194 2179 quidem
1217 2103 1615 2169 imitantur,sed
1639 2106 1817 2160 minus
1840 2103 1960 2160 sunt
1982 2124 2104 2176 per-

314 2179 471 2247 fecli‚
508 2181 795 2253 minusque
817 2180 1053 2254 pulchri,
1095 2182 1144 2235 ἃ
1169 2200 1349 2237 ramos
1374 2200 1436 2236 ex
1458 2182 1715 2236 alterutro
1735 2181 1896 2235 latere
1918 2181 2103 2245 edunt,

313 2275 459 2329 quos
485 2256 653 2311 statim
685 2256 888 2313 directe
923 2272 1014 2312 aut
1061 2254 1364 2312 antrorsum
1416 2270 1509 2310 aut
1537 2251 1832 2311 retrorsum
1863 2256 2104 2320 mittunt,

316 2329 612 2387 maioribus
634 2331 733 2386 illis
764 2329 971 2405 semper
991 2331 1209 2395 vicinis;
1249 2331 1500 2404 Denique
1526 2332 1623 2386 alia
1644 2330 1767 2386 lunt
1795 2330 1973 2385 adhuc
2004 2331 2101 2385 mi-

316 2424 478 2469 nora,
518 2425 656 2479 quae
674 2425 743 2462 ne
760 2408 997 2462 vortices
1027 2408 1245 2482 quidem
1276 2407 1502 2470 faciunt,
1545 2403 1630 2461 sed
1662 2403 1960 2461 arbusculas
1987 2404 2103 2461 tan-

316 2497 433 2536 tum
462 2479 727 2544 formant,
766 2500 945 2540 ramos
971 2482 1226 2556 vtrinque
1265 2481 1576 2542 fundentes3
1621 2482 1718 2537 alia
1753 2481 1990 2554 denique
2022 2497 2102 2536 te-

315 2552 565 2611 rruiffima
593 2557 735 2612 reela
755 2555 1060 2613 antrorsum
1078 2557 1305 2623 abeunt,
1347 2555 1670 2631 pauciffimis
1700 2557 1749 2610 8<
1776 2556 2013 2611 minimis
2041 2557 2099 2610 in

317 2632 510 2687 itinere
560 2631 776 2689 ramulis
812 2634 878 2688 ad
926 2632 1246 2689 choroidem
1289 2629 1502 2688 emistis,
1596 2635 1802 2687 Omnes
1850 2630 1972 2686 illae
2010 2649 2101 2686 ve-

319 2725 447 2773 nae,
484 2724 710 2781 quarum
749 2715 1080 2782 propagines
1112 2710 1378 2774 maiorm,
1430 2704 1545 2762 vasa
1573 2706 1661 2762 illa
1686 2703 1954 2763 vorticosa
1989 2723 2098 2760 ma-

1961 2792 2097 2858 iora,

382 2952 472 3015 (p)
507 2950 611 2997 Tala
634 2963 721 2996 art.
747 2952 864 2997 affl.
888 2952 961 3016 fig.
980 2957 1055 3008 cit»
