2356 3260
361 207 464 263 116
576 221 1014 263 DESCRIPTIO
1055 222 1623 264 ANA'roM.ocvi„1
1666 215 1961 266 HVMAN‘I

358 347 473 405 lum
501 345 768 403 &lentem
791 344 995 402 humor
1015 346 1216 405 vitreus
1245 365 1513 423 appareat.
1555 347 1861 414 Praeterea,
1890 352 1927 407 fi
1949 350 2014 407 ad
2037 349 2148 407 len-

350 439 473 480 .tem
495 423 848 496 pertingeret,
882 438 973 478 aut
997 422 1136 480 inter
1177 424 1500 481 choroidem
1540 426 1590 479 8(
1624 425 1881 480 annulum
1912 427 2147 499 nigrum,

334 499 448 555 ‘aut
465 499 602 554 inter
624 499 1125 571 annulumnigrum
1146 502 1200 554 'Sc
1225 499 1514 558 humorem
1543 500 1774 556 vitreum
1800 501 1928 556 illuc
1953 501 2147 557 deferri

351 571 568 630 ⁴necesse
594 571 750 629 foret.
830 574 974 630 Inter
1001 594 1202 647 corpus
1226 577 1407 632 ciliare
1429 581 1481 633 ὃ(
1514 577 1773 632 annulum
1793 577 2011 650 nigrum
2032 595 2148 632 non

357 650 591 724 produci
620 649 858 714 videtur,
887 669 1048 722 quam
1067 652 1208 707 viam
1233 653 1463 707 omnino
1486 652 1760 723 intercipit
1781 672 1972 708 mucus
1994 653 2148 724 niger

359 725 417 780 in
463 724 740 787 Zonulam
784 726 1100 781 continuam
1134 727 1425 794 conflatnS,
1461 746 1623 800 quem
1671 746 1736 783 ex
1767 728 1969 804 vltimis
2011 727 2149 783 villis

357 801 666 864 choroidiS,
705 801 930 856 minime
965 818 1143 858 autem
1177 823 1205 858 a
1240 804 1411 859 retina
1456 801 1687 867 secerni,
1730 803 1956 876 quilibet
1991 801 2147 858 facile

359 873 688 931 concesserit.
753 877 858 931 Sed
883 896 1060 951 neque
1085 879 1224 934 inter
1250 880 1512 935 annulum
1538 880 1754 952 nigrum
1778 880 1826 932 ὃ(
1851 877 2147 935 humorem

355 951 590 1006 vitreum
613 948 809 1006 deferri
834 953 1168 1009 crediderim.
1248 954 1502 1010 Annulus
1523 960 1667 1009 enim
1694 954 1876 1025 niger,
1899 951 2148 1027 transspi-

356 1027 553 1084 ciendo
595 1045 690 1101 per
722 1026 1015 1084 humorem
1047 1029 1283 1085 vitreum
1303 1073 1316 1095 ,
1359 1031 1636 1085 aterrimus
1677 1027 1885 1103 semper
1913 1030 2149 1104 apparet,

350 1120 458 1159 :nec
481 1102 623 1157 nulla
647 1104 879 1163 omnino
905 1104 1099 1159 nebula
1125 1105 1323 1170 tectim,
1360 1123 1451 1161 aut
1491 1104 1742 1160 leuiffime
1783 1105 1980 1161 dilutus
2016 1123 2148 1163 con-

355 1174 606 1251 spicitur,
646 1175 734 1232 sed
754 1179 1049 1251 marginem
1084 1181 1409 1237 anteriorem
1436 1186 1661 1244 termae,
1686 1200 1782 1253 per
1803 1199 1965 1254 quam
1996 1179 2148 1236 semi-

355 1253 689 1327 pellucidam
713 1252 1003 1310 choroides
1037 1254 1313 1311 obscurius
1345 1257 1610 1328 pellucet,
1635 1257 1702 1311 ad
1726 1256 1991 1328 originem
2019 1272 2149 1326 pro-

358 1325 599 1384 ceffuum
627 1327 918 1397 ciliarium‚
957 1349 1072 1384 non
1097 1327 1281 1385 senfin]
1312 1329 1652 1395 euanescere,
1689 1328 1779 1386 sed
1809 1329 1918 1386 fine
1945 1331 2148 1403 vbique

352 1403 559 1476 aequali
586 1405 635 1457 8<
673 1420 926 1460 accurate
956 1405 1190 1460 limitato
1227 1405 1502 1460 terminari
1529 1406 1792 1462 videmus,
1870 1405 2146 1462 Praeterea

351 1478 535 1533 omnis
563 1476 674 1533 fere
697 1479 941 1549 analogia
967 1485 1221 1552 corporis
1252 1479 1471 1538 humani
1495 1496 1788 1553 repugnat,
1832 1499 2002 1554 quum
2027 1480 2145 1534 nul-

346 1553 469 1611 lum
498 1554 561 1608 fit
602 1553 659 1607 in
692 1572 928 1626 corpore
963 1555 1203 1610 humano
1238 1556 1578 1629 exemplum,
1623 1555 2019 1611 extremitatem
2054 1573 2146 1611 cu-

348 1625 563 1699 iusdam
593 1628 747 1683 nerui
774 1627 1076 1703 pulposam,
1118 1631 1504 1693 medullarem,
1556 1631 1751 1685 mutari
1787 1633 1843 1685 in
1879 1633 2146 1685 membra-

349 1704 537 1760 nulam
560 1704 923 1777 pellucidam,
953 1724 1114 1778 quae,
1149 1707 1327 1760 omnis
1350 1701 1526 1759 sensus
1552 1722 1765 1777 expers,
1806 1719 1896 1760 aut
1935 1720 2146 1778 partem

349 1779 632 1843 inuoluat,
670 1795 760 1834 aut
791 1780 1262 1852 ligamentiinstar
1296 1779 1560 1836 inseruiat.
1640 1779 2020 1853 Experimenta
2054 1798 2145 1836 au-

352 1871 464 1911 tem
491 1854 548 1908 in
574 1854 748 1911 oculis
773 1854 938 1912 affuso
964 1856 1216 1913 alcohole
1238 1853 1451 1910 seruatis
1478 1854 1742 1920 instituta,
1770 1856 1937 1929 paulo
1965 1856 2145 1912 minus

351 1930 534 1985 valent
555 1971 568 1993 ,
613 1930 764 2002 quod
788 1929 906 2004 ipso
936 1931 1188 1987 alcohole
1219 1935 1405 1985 omnia
1441 1930 1514 1984 ita
1545 1948 1716 2003 opaca
1746 1931 2066 1996 redduntur,
2091 1935 2144 1988 &

355 2002 802 2076 constringuntur
818 2048 830 2071 ,
873 2020 936 2060 vt
966 2005 1191 2062 retinam
1216 2024 1394 2079 neque
1413 2003 1479 2060 ab
1499 2005 1732 2067 humore
1755 2006 1930 2061 vitreo
1955 2009 2005 2062 ὃς
2029 2007 2144 2062 Zo-

355 2079 485 2135 'nula
521 2097 761 2135 coronae
796 2081 984 2137 ciliaris
1026 2079 1141 2138 satis
1174 2079 1523 2153 distinguere,
1563 2099 1741 2155 neque
1773 2081 1881 2137 fine
1913 2081 2143 2138 laefione

356 2152 565 2210 auferre
586 2154 759 2213 liceat.
837 2158 997 2231 Qae
1031 2175 1200 2231 quum
1226 2157 1297 2213 ita
1333 2159 1460 2222 fint,
1494 2175 1608 2214 non
1634 2153 1870 2230 possum,
1910 2157 2038 2231 quin
2077 2157 2141 2213 iis

347 2229 638 2304 adstipuler
653 2271 666 2295 ‚
708 2231 801 2306 qui
825 2234 1056 2292 retinam
1076 2234 1142 2292 ad
1172 2233 1444 2309 originem
1466 2237 1718 2307 corporis
1742 2233 1934 2290 ciliaris
1959 2232 2141 2291 termi-

276 2317 279 2318 ’
349 2303 470 2361 nari
502 2303 806 2379 perhibent,

1985 2908 2138 3024 CA«
