2356 3260
336 182 443 236 208
561 184 988 229 DESCRIPTIO
1025 180 1348 226 ANATOM.
1377 184 1589 225 OCVLI
1629 184 1923 229 HVMANI

337 314 509 390 spicui
538 314 602 369 ad
624 313 772 369 illum
806 312 1256 384 componendum
1288 309 1518 378 faciunt,
1559 308 1808 367 cellulosa
1837 311 1942 367 tela
1974 311 2117 370 inter

339 391 391 448 se
414 390 842 462 iuncli‚quorum
871 386 1088 459 plurimi
1109 405 1282 442 neruo
1312 388 1502 459 optico
1530 385 2119 462 paralleli‚decurrunt‚

339 468 432 523 etfi
456 464 528 519 illi
549 483 661 519 non
680 481 870 518 omnes
884 462 1019 518 adeo
1036 463 1179 518 arcte
1197 462 1769 536 adhaereant‚quorum
1788 476 1967 517 autem
1980 482 2119 521 non-

339 539 503 604 nulli,
543 555 603 594 vt
626 539 680 594 in
705 535 964 612 superiori
980 539 1275 612 contingit,
1310 539 1503 594 iterum
1530 537 1586 592 in
1607 538 1734 592 duas
1754 554 1932 592 tresue
1958 537 2122 593 fibril-

339 617 412 673 las
442 611 720 680 secedunt,
763 632 898 688 quae
922 612 1134 670 iunclae
1174 631 1344 670 vnum
1371 629 1580 671 tantum
1613 609 1884 669 surculum
1921 612 2136 689 fimpli*

340 709 460 750 cem
484 689 819 746 mentiuntur
865 690 982 762 (m).

491 765 747 822 Surculus
770 765 986 838 quidem
1014 764 1283 838 superior,
1312 764 1461 821 lateri
1480 763 1734 820 exteriori
1774 762 1928 820 nerui
1950 763 2124 838 optici

342 843 484 899 arcle
507 839 798 896 adhaerens
822 837 1044 914 simplex
1069 840 1388 914 plerumque
1412 839 1477 895 ad
1509 839 1731 894 oculum
1753 837 1945 903 fertur,
1985 856 2126 894 non-

341 917 476 973 nulli
501 929 678 972 autem
704 913 823 969 sunt
850 934 913 969 ex
952 912 1314 989 sequentibu5‚
1353 916 1461 971 fine
1492 914 1605 970 vllo
1636 930 1818 970 tamen
1862 912 2130 970 constanti

343 991 560 1056 ordine,
604 992 696 1065 qui
723 991 777 1044 in
801 989 928 1047 duas
952 1005 1131 1046 tresue
1150 990 1347 1045 iterum
1378 989 1576 1046 abeunt
1605 989 1820 1045 fibrillas
1838 1031 1851 1054 ‚
1890 986 2130 1047 tenuisfi-

343 1085 486 1133 ωας,
513 1066 591 1121 vti
623 1067 690 1121 de
729 1063 990 1138 superiori
1029 1063 1281 1121 fasciculo
1319 1064 1523 1120 dicium
1563 1063 1649 1121 est.
1729 1066 1886 1128 Vnus
1917 1062 2128 1140 semper

344 1139 581 1199 fasciculi
611 1140 767 1196 huius
793 1138 1062 1195 inferioris
1098 1137 1362 1204 surculus,
1401 1159 1565 1214 quem
1600 1139 1774 1195 modo
1815 1137 2129 1204 secundum,

347 1219 521 1273 modo
547 1217 767 1272 tertium
795 1213 895 1269 effe
915 1215 1175 1288 comperi,
1189 1212 1403 1270 diuerso
1422 1215 1577 1289 plane
1601 1233 1628 1269 a
1647 1215 1867 1289 reliquis
1888 1213 2132 1279 decnrffi,

347 1292 413 1348 ab
445 1289 553 1366 ipsa
592 1291 766 1347 statim
794 1289 1006 1362 origine
1043 1287 1352 1344 {asciculum
1387 1290 1580 1346 delerit
1602 1332 1616 1354 ‚
1651 1293 1704 1347 ὃ(
1740 1308 1769 1344 a
1797 1290 2134 1364 reliquorum

349 1366 436 1424 via
478 1364 702 1433 secedit,
744 1365 837 1438 qui
874 1383 1049 1420 neruo
1088 1371 1279 1438 optico
1313 1365 1661 1421 adhaerentes
1694 1366 1760 1421 ad
1797 1362 2135 1421 scleroticam

347 1457 664 1517 properant.
744 1440 833 1495 llle
863 1455 1043 1496 autem
1090 1437 1331 1495 surculus
1376 1437 1583 1513 semper
1619 1438 1916 1496 extrorsum
1951 1437 2135 1495 versus

346 1516 656 1572 musculum
694 1514 1054 1570 abducentem
1087 1514 1352 1577 decurrit,
1390 1516 1441 1567 &
1471 1513 1785 1586 longiffimo
1823 1515 1996 1570 trafflu
2035 1530 2135 1586 per

348 1590 737 1667 pinquedinem
760 1589 1008 1643 aberrans
1034 1589 1099 1645 ad
1122 1587 1269 1642 oculi
1295 1588 1516 1642 demum
1546 1603 1749 1659 partem
1774 1588 2136 1661 posteriorem

349 1666 633 1742 peruenit,
675 1665 726 1718 ὃς
756 1660 1092 1718 scleroticam
1127 1658 1307 1716 versus
1349 1660 1581 1715 mediam
1613 1660 1764 1715 bulbi
1798 1676 2008 1735 partem
2039 1658 2136 1716 sub

349 1740 595 1798 musculo
624 1739 926 1794 abducente
955 1735 1199 1811 perforat
1239 1736 1348 1809 (n).
1420 1732 1724 1791 Decursum
1759 1735 1918 1792 huius
1945 1735 2138 1793 ramuli

349 1819 510 1874 icone
526 1815 780 1873 exhibere
801 1811 972 1869 visum
997 1811 1085 1878 est,
1098 1830 1223 1867 cum
1247 1809 1492 1866 constans
1513 1810 1568 1864 in
1581 1811 1834 1867 omnibus
1850 1813 2023 1867 oculis
2038 1811 2139 1867 ob-

351 1890 584 1949 seruatus
609 1890 741 1944 mihi
773 1887 950 1944 fuerit.
975 1887 1290 1961 Superiores
1313 1885 1533 1959 quidem
1558 1883 1790 1942 fasciculi
1821 1886 1976 1943 huius
2003 1885 2138 1943 infe-

352 1968 509 2024 rioris
533 1964 728 2021 surculi
762 1963 979 2018 adlatus
1015 1978 1301 2017 externum
1329 1959 1482 2013 nerui
1519 1960 1712 2032 optici‚
1756 1961 1844 2017 cui
1883 1962 2023 2017 arele
2050 1961 2138 2018 ad-

353 2043 613 2106 haerent,
656 2052 1023 2113 procurrunt,
1060 2055 1230 2091 neruo
1254 2034 1328 2089 illi
1353 2034 1559 2089 &inter
1581 2032 1630 2090 se
1650 2037 1899 2108 paralleli,
1915 2036 2139 2093 inferio-

354 2136 438 2176 res
463 2132 644 2172 autem
667 2112 851 2169 senfim
877 2110 1015 2168 infra
1047 2110 1198 2166 illum
1224 2106 1515 2166 introrsum
1536 2111 1815 2167 tendentes
1845 2107 1897 2167 se
1921 2112 2141 2169 demer-

357 2208 522 2267 gunt,
573 2208 749 2264 eoque
790 2188 945 2262 plane
987 2187 1115 2243 tecti
1147 2187 1213 2241 ad
1244 2184 1470 2241 bulbum
1507 2186 1653 2239 oculi
1684 2205 1855 2260 porro
1888 2202 2140 2261 pergunt,

357 2269 522 2324 duclu
546 2282 729 2322 tamen
754 2261 872 2319 satis
895 2264 1032 2318 inter
1054 2259 1105 2317 se
1129 2260 1394 2336 parallelo,
1474 2259 1589 2331 Qi
1622 2277 1799 2317 autem
1828 2260 2023 2318 infimo
2051 2265 2143 2321 de-

355 2361 510 2399 mum
534 2340 662 2395 loco
687 2339 874 2402 oritur,
893 2340 942 2393 ὃ(
957 2335 1236 2393 insertioni
1256 2334 1446 2392 radicis
1460 2334 1722 2393 breuioris
1741 2339 2025 2412 proximus
2041 2343 2142 2408 (o),

354 2417 420 2473 ab
442 2413 548 2492 ipsa
575 2415 747 2472 statim
779 2413 989 2485 origine
1006 2410 1143 2468 infra
1168 2430 1402 2468 neruum
1427 2409 1701 2483 opticum,
1738 2411 1826 2467 cui
1849 2412 2137 2469 arcliffime

356 2492 556 2566 vbique
578 2490 853 2554 adhaeret,
892 2485 944 2544 se
963 2486 1237 2554 subducit,
1280 2489 1332 2544 ὃς
1354 2482 1576 2544 vasculis
1614 2486 1881 2545 ciliaribus
1907 2488 2144 2565 implici-

2032 2579 2135 2631 ωε,

1708 734 1725 741 ae

336 2740 350 2742 l
428 2689 516 2753 (m)
542 2690 614 2738 Ad
635 2687 881 2735 fasciculum
893 2685 1011 2733 hunc
1032 2685 1215 2733 inferio-
1283 2679 1475 2731 trorsum'
1504 2683 1752 2731 aberrantes
1773 2717 1786 2738 ‚
1825 2687 1865 2730 δι
1891 2680 2140 2743 longiffimo

361 2773 456 2804 rem
478 2773 565 2804 tres
581 2757 740 2816 reliqui
755 2756 924 2801 neruuli
945 2753 1220 2801 ciliaresmz-
1286 2755 1421 2799 tracia
1451 2752 1504 2797 ad
1535 2752 1799 2799 scleroticam
1834 2753 2143 2814 peruenientes

363 2839 569 2871 CKELH
608 2825 831 2885 pertinere
861 2824 1084 2872 videntur.
1286 2822 1413 2866 vidit.
1437 2820 1482 2880 §0
1515 2835 1584 2874 51.

433 2893 505 2949 (n)
546 2893 598 2936 M
614 2907 636 2936 E
651 2906 714 2936 01<
734 2908 758 2936 ε
772 2907 797 2936 L
811 2908 825 2935 1
841 2907 896 2936 vs
938 2904 1122 2950 quoque
1157 2902 1220 2935 te·
1355 2888 1432 2946 (ο)
1473 2885 1541 2931 Est
1565 2887 1767 2933 neruulus
1784 2887 1936 2933 ciliaris
1952 2886 2139 2934 interior

363 2959 539 3006 nuiores
561 2957 749 3004 surculos
778 2960 821 3003 in
844 2959 1117 3019 pinguedine
1146 2971 1221 3003 ex·
1288 2954 1487 3016 superior
1521 2969 1827 3006 MECKELH.
