2356 3260
277 251 280 254 ,
333 202 440 256 234
555 196 986 240 nuscum-rio
1022 194 1587 256 ANATOMbcvm
1629 194 1923 239 HVMAm

322 324 660 386 ⁴tiffimorum
686 325 1123 381 anatomicorum
1146 324 1316 379 aciem
1347 324 1577 379 omnino
1610 323 1802 379 duclus
1824 320 2120 396 illi-effuge«³

331 419 460 462 runt
482 424 497 465 ς
545 420 721 476 neque
740 400 876 455 mihi
893 400 993 456 hac
1015 408 1072 456 in
1089 419 1146 456 re
1169 399 1272 454 illis
1297 397 1597 456 feliciorem
1619 396 1724 455 effe
1748 397 2007 471 contigit,
2029 396 2121 455 etii

333 478 488 562 omni
530 476 802 552 diligentia
843 476 1095 553 variaque
1143 473 1599 532 administratione
1639 473 1697 530 in
1735 473 1858 529 illos
1903 474 2118 552 inquisi-

331 571 523 611 verim.

483 701 783 777 Lacrymae
811 699 928 756 illae
953 699 1009 754 in
1032 695 1202 774 spatio
1224 696 1534 771 triangulari
1557 695 1856 753 curuilineo
1881 694 2019 757 inter
2040 708 2125 752 tu·

332 778 546 835 midum
571 777 798 833 limbum
822 775 1204 851 palpebrarum
1227 776 1278 830 δε
1301 774 1529 847 globum
1561 771 1709 828 oculi
1731 771 1920 828 relicto
1955 771 2133 828 colle-f

332 854 449 909 &ae
481 850 660 911 versus
684 853 943 908 canthum
975 852 1241 908 maiorem
1274 865 1534 924 perpetua
1562 847 1905 904 motitatione
1938 845 2121 921 palpe-

333 930 550 986 brarum
596 928 993 1006 propelluntur.
1069 927 1147 984 lbi
1188 925 1454 1001 palpebris
1485 921 1547 992 ,se
1584 922 1887 996 interponit
1923 940 2122 996 agmen

335 1003 741 1080 glandulosum‚
779 1004 1116 1077 oblongum,
1158 1001 1311 1077 quod
1335 999 1622 1058 caruncula
1654 997 1956 1080 lacrymalis
1986 996 2123 1055 dici-

335 1097 450 1147 tur,
491 1096 557 1137 ex
583 1080 831 1155 plurimis
852 1076 1364 1136 folliculis¹sebaceis
1399 1072 1792 1149 compositum,
1822 1073 1946 1148 qui,
1984 1088 2046 1129 vt
2069 1091 2122 1129 a-

333 1155 416 1213 liis
442 1156 711 1213 eiusmodi
737 1154 988 1211 folliculis
1015 1154 1313 1227 contingit,
1351 1150 1505 1227 saepe
1519 1152 1663 1226 pilos
1691 1150 1952 1214 edunt,&
1970 1165 2124 1205 com-

332 1230 539 1305 press'ae
576 1231 937 1287 vermiculum
969 1228 1251 1287 sebaceum
1283 1246 1377 1304 per
1408 1246 1609 1302 porum
1649 1224 1938 1281 minimum
1968 1223 2123 1281 emit-

330 1321 472 1364 tunt.
561 1308 714 1364 Ante
746 1325 863 1362 eam
901 1312 1059 1362 tertia
1091 1304 1205 1361 fere
1239 1304 1494 1379 palpebra
1528 1301 1696 1358 oculo
1731 1298 2064 1364 obuertitur‚
2093 1316 2124 1354 a

330 1381 598 1456 superiori
617 1383 683 1438 ad
715 1380 1032 1438 inferiorem
1062 1381 1245 1446 ducta,
1285 1376 1639 1444 semilmmris,
1685 1376 1836 1433 cuius
1868 1372 2126 1433 concaui-

331 1471 411 1514 tas
442 1472 700 1529 tempora
728 1455 968 1532 respicit,
1006 1457 1142 1512 {asia
1166 1474 1232 1511 ex
1256 1455 1592 1529 duplicatura
1618 1452 2025 1514 coniunffiuae,
2063 1449 2122 1504 in

332 1530 564 1589 homine
593 1532 839 1596 minima,
876 1546 936 1587 vt
967 1531 1089 1586 leue
1116 1528 1228 1585 fere
1265 1531 1662 1584 imitamentum
1695 1524 1982 1599 palpebrae
2014 1522 2122 1580 te'r-

333 1605 470 1674 tiae,
506 1604 816 1658 animalium
849 1622 1011 1675 quam
1035 1621 1140 1676 pro
1164 1603 1337 1660 lubitu
1361 1620 1473 1677 ope
1506 1600 1792 1676 peculiaris
1812 1596 2037 1657 musculi
2061 1615 2149 1664 ος

334 1681 463 1740 culo
497 1677 811 1745 obducunt,
847 1674 948 1736 effe
970 1677 1234 1738 videatur.

1148 1862 1197 1928 §.
1274 1859 1344 1916 11.

854 2037 1181 2102 Canaliculi
1239 2039 1598 2122 lacrymales.

487 2218 640 2275 Ante
661 2214 1006 2273 carunculam
1024 2212 1369 2288 lacrymalem
1385 2212 1451 2268 ad
1481 2213 1645 2270 finem
1665 2213 1979 2274 interiorem
2001 2221 2123 2279 tarfi

337 2296 395 2352 in
416 2294 697 2368 Vtriusque
716 2289 1003 2367 palpebrae
1028 2289 1270 2364 margine
1306 2289 1509 2346 eminet
1535 2290 1731 2365 papilla
1758 2294 1992 2349 rotunda
2009 2337 2023 2361 ‚
2065 2297 2122 2353 in

336 2374 492 2427 cuius
515 2371 667 2444 apice
684 2365 1134 2423 animaduertitur
1165 2363 1377 2439 semper
1398 2366 1644 2423 foramen
1663 2385 1832 2422 vnum
1864 2369 2124 2427 maiuscu-

337 2447 482 2513 lum,
515 2445 572 2501 in
591 2444 727 2501 statu
757 2438 884 2497 sano
918 2439 1130 2515 semper
1149 2456 1423 2515 apertum,
1467 2443 1617 2515 quod
1656 2440 1775 2498 satis
1806 2441 1960 2500 facile
1990 2447 2123 2503 reci-

337 2539 470 2597 pere
497 2518 703 2596 potest,
744 2518 796 2573 8,(
818 2519 1081 2591 punctum
1107 2515 1396 2591 lacrymale
1423 2517 1631 2574 dicitur.
1712 2518 1809 2575 Vti
1831 2519 1970 2575 inter
2002 2521 2123 2578 vlti-

339 2615 495 2653 mum
521 2593 765 2652 osculum
788 2591 1158 2666 glandularum
1174 2591 1663 2649 Meibomianarum
1680 2596 1730 2649 ὃ(
1744 2593 1852 2651 hoc
1874 2597 2123 2653 foramen

337 2671 566 2748 spatium
587 2669 866 2745 quoddam
891 2667 1238 2742 relinquitur,
1265 2667 1517 2734 liberum,
1559 2689 1672 2743 quo
1693 2670 1974 2743 glandulae
1996 2672 2122 2730 illae

339 2765 457 2804 non
469 2751 824 2822 pertingunt,
842 2745 915 2800 ita
940 2761 1162 2819 quoque
1183 2743 1452 2818 punctum
1475 2745 1763 2821 lacrymale
1792 2765 1910 2803 non
1933 2747 2122 2804 eadem

341 2820 623 2879 sericeum
648 2819 868 2878 orificiis
894 2820 1266 2894 glandularum
1291 2818 1524 2894 positum
1558 2822 1657 2886 est,
1686 2821 1775 2877 sed
1799 2823 1863 2877 ad
1888 2823 2123 2882 anterio-

342 2915 400 2955 ra
415 2897 582 2971 magis
601 2896 835 2963 accedit,
875 2912 962 2964 vt,
984 2914 1154 2973 quum
1175 2895 1380 2954 orificia
1399 2894 1773 2971 glandularum
1794 2896 1967 2973 globo
1989 2917 2130 3028 ocul-i
