2356 3260
300 267 339 320 4
422 233 890 305 'DESCRIPTIO
940 262 1282 304 ANATOM.
1328 261 1540 304 ocvm
1594 260 1893 308 HVMANr

305 387 631 454 accefforii3‚
657 407 834 463 neque
865 385 1220 461 capsularibus
1254 387 1620 466 satis'proprie
1646 408 1851 446 nomen
1876 391 2089 448 inuolu-

306 467 385 522 cri
411 465 724 528 conueniat,
768 483 902 538 quae
922 480 1012 519 aut
1036 485 1150 520 non
1175 462 1289 522 satis
1315 485 1442 521 vera
1476 465 1621 532 sunt,
1658 484 1749 522 aut
1770 469 1834 522 ad
1858 470 2091 541 particu-

306 541 410 596 lam
432 558 640 596 tantum
674 540 824 613 globi
852 540 1151 614 pertinent,
1193 557 1301 598 tres
1333 558 1544 598 tantum
1577 545 1813 608 tunicaS‚
1854 541 2091 599 scleroti-

306 635 450 681 carn,
492 615 830 671 chorioidem
857 618 906 671 8<
938 616 1163 671 retinam
1186 618 1250 672 ad
1267 618 1559 673 ·inuolucra
1584 618 1733 673 bulbi
1758 617 1952 677 refero·
1979 620 2090 676 Ac-

304 692 563 750 cedamus
584 710 717 765 ergo
742 691 915 749 statim
936 692 1001 748 ad
1023 691 1442 767 descriptionem
1462 691 1787 752 scleroticae.

1104 815 1154 890 ς.
1232 816 1297 873 11.

865 911 1109 976 Fabrica
1132 909 1510 997 ftleroticae,

462 1028 756 1084 Sclerotica
779 1047 806 1082 a
829 1028 1021 1085 duritie
1049 1027 1211 1084 dida,
1250 1030 1475 1085 Graecis
1503 1024 1798 1097 κερατοειδῆς,
1827 1028 2094 1084 recentio-

303 1101 452 1158 ribus
471 1107 520 1160 &
549 1104 792 1177 inprimis
818 1104 988 1159 Gallis
1012 1123 1210 1160 cornea
1239 1124 1460 1179 quoque
1485 1105 1801 1179 appellatur,
1831 1105 1923 1178 qui
1948 1103 2095 1159 illam

307 1183 366 1235 in
395 1179 523 1234 duas
551 1198 730 1253 partes
759 1179 1116 1252 distinguunt,
1168 1200 1396 1255 opacam
1426 1200 1704 1246 corneam,
1748 1198 1881 1255 quae
1914 1179 2094 1234 nostra

306 1253 381 1308 est
409 1251 708 1320 sclerotica,
740 1259 793 1310 ὃ(
825 1255 1175 1328 pellucidam,
1213 1276 1348 1330 quae
1385 1275 1586 1312 cornea
1628 1257 1850 1331 proprie
1878 1254 2094 1309 dicitur.

305 1328 599 1385 Sclerotica
641 1345 733 1385 aut
767 1349 964 1386 cornea
998 1349 1169 1403 opaca
1204 1333 1377 1386 maior
1410 1334 1460 1385 &
1495 1332 1787 1404 posterior,
1823 1330 1888 1385 ab
1930 1329 2094 1385 altera

307 1422 508 1459 cornea
530 1405 757 1468 minori,
798 1405 1055 1460 anteriori
1080 1407 1131 1458 <Sc
1164 1406 1446 1478 pellucida,
1469 1407 1709 1460 distinete
1739 1424 1887 1459 nunc
1923 1400 2094 1459 consi·
2156 1427 2161 1431 ⁵

309 1479 539 1536 deranda
556 1521 569 1544 ,
609 1480 842 1550 primum
870 1482 920 1534 8<
944 1480 1173 1535 exterius
1193 1479 1413 1554 praebet
1444 1482 1607 1537 oculo
1628 1480 2002 1545 inuolucrum,
2026 1477 2095 1534 ab

307 1551 542 1628 ingreffu
573 1556 727 1609 nerui
748 1555 920 1628 optici
946 1555 1011 1611 ad
1046 1574 1302 1611 corneam
1333 1575 1502 1629 Vsque
1537 1556 1865 1630 pellucidam
1901 1571 2095 1629 porre-

309 1630 485 1695 ἃωῃ,
515 1631 758 1703 inprimis
779 1629 995 1687 inseruit
1019 1631 1233 1705 reliquis
1269 1632 1506 1705 partibus
1537 1630 1876 1687 mollioribus
1911 1629 2096 1685 defen-

309 1705 522 1770 dendiS,
564 1704 767 1778 figurae
788 1704 1129 1771 formandae,
1171 1705 1423 1762 musculis
1460 1704 1795 1771 sustinendiS,
1837 1707 1970 1761 vasis
1993 1703 2097 1759 ful-

311 1781 531 1836 ciendis.
578 1782 670 1853 (ἶ)
749 1782 1069 1837 Membrana
1113 1781 1187 1836 est
1222 1780 1334 1838 satis
1371 1797 1555 1846 tenax,
1595 1801 1660 1837 ex
1705 1781 1886 1837 multis
1927 1779 2095 1835 stratis

307 1855 639 1911 lamellarum
686 1854 780 1910 fibi
811 1856 1251 1913 incumbentibus
1281 1859 1331 1909 &
1362 1857 1503 1910 inter
1537 1856 1589 1909 ie
1619 1854 2096 1912 concrescentibus

308 1928 638 2004 composita,
680 1948 917 2001 quorum
947 1931 1111 1986 fibrae
1132 1931 1204 1985 ita
1228 1929 1324 1986 fibi
1346 1926 1465 1985 sunt
1499 1929 1818 1988 intertextae
1856 1933 1911 1985 ὃς
1945 1929 2098 1984 intri-

310 2021 481 2070 catae,
525 2004 662 2060 cutis
696 2004 809 2061 fere
848 2004 1035 2071 instar,
1076 2021 1140 2061 vt
1174 2003 1282 2060 fine
1319 2004 1699 2061 dilaceratione
1736 2022 2014 2078 nunquam
2037 2003 2097 2058 in

311 2080 533 2136 laminas
575 2080 806 2153 integras
836 2079 1004 2155 poffit
1039 2078 1303 2155 separari,
1361 2082 1455 2137 etfi
1494 2082 1630 2136 duae
1667 2078 1904 2136 diuersae
1936 2078 2096 2153 plane

314 2156 537 2230 originis
570 2156 812 2222 tunicae,
840 2157 905 2211 ad
927 2157 1070 2212 illam
1098 2153 1432 2213 efficiendam
1454 2156 1824 2216 conueniant3
1866 2171 2097 2227 quarum

314 2231 476 2288 altera
498 2231 755 2297 exterior,
794 2230 1012 2288 craffior
1037 2230 1316 2302 sclerotica
1338 2233 1558 2306 proprie
1582 2231 1652 2287 fic
1676 2231 1814 2287 dieta
1843 2231 1947 2286 dici
1969 2244 2096 2303 pot-

315 2307 391 2364 est
413 2326 428 2368 3
457 2307 618 2362 altera
640 2323 819 2363 autem
839 2307 1092 2373 interior,
1137 2307 1368 2372 tenuior,
1405 2326 1655 2381 propago
1680 2307 1753 2363 est
1772 2306 1890 2381 piae
1910 2303 2096 2360 matris

315 2401 443 2438 cum
465 2400 637 2438 neruo
660 2400 695 2436 0
703 2383 850 2454 ptico
875 2383 1098 2449 adlatae,
1133 2402 1270 2458 quae
1300 2402 1329 2438 a
1348 2401 1521 2438 neruo
1543 2384 1685 2439 circa
1712 2382 1980 2455 originem
2013 2397 2096 2435 re-

314 2458 456 2514 tinae
480 2456 672 2514 reflexa
711 2477 897 2514 veram
935 2456 1293 2524 seleroticam,
1336 2475 1612 2533 tamquam
1645 2456 1898 2514 adscititia
1935 2473 2096 2529 quae-

315 2534 441 2590 dam
473 2533 786 2589 membrana
803 2577 816 2597 ,
856 2535 999 2589 intus
1026 2534 1245 2599 oblinit,
1284 2535 1350 2590 de
1373 2553 1477 2609 qua
1500 2534 1664 2608 paulo
1690 2532 1807 2607 post
1827 2531 1990 2587 fufius
2017 2529 2097 2585 di-

315 2625 484 2665 cetur.
527 2609 629 2682 (g)
707 2609 934 2664 Lamina
962 2626 1144 2666 tamen
1170 2609 1257 2665 illa
1289 2610 1514 2666 interior
1553 2629 1684 2665 cum
1708 2607 1960 2665 exteriori
1983 2623 2097 2663 tam

313 2685 459 2740 arele
488 2684 741 2740 cohaeret
772 2687 898 2741 &in
925 2705 1098 2742 vnum
1129 2685 1369 2758 iungitur
1410 2684 1660 2758 inprimis
1689 2684 1744 2739 in
1780 2683 1994 2746 adulm,
2033 2693 2097 2734 vt

316 2757 557 2833 legitime
584 2759 753 2817 diuidi
776 2778 890 2816 non
907 2760 1093 2834 possit,
1120 2763 1170 2818 8(
1195 2760 1476 2818 sclerotica
1513 2760 1697 2817 tunica
1733 2757 1954 2833 fimplex
1987 2754 2096 2888 dile}

1945 2850 2023 2907 po
2067 2848 2098 2888 e

313 3034 354 3092 Δ.
388 2968 487 3089 (J‘)8
521 2967 619 3016 Vid.
669 2985 881 3024 noenu.
919 2970 1023 3032 lust.
1056 2973 1176 3023 Med.
1316 2966 1398 3033 (g)
1433 2968 1530 3018 Vici.
1555 2967 1674 3033 infra
1703 2972 1754 3029 Ι.
1779 2967 1879 3028 vn,

355 3066 368 3082 .
411 3049 453 3097 5¹
491 3067 533 3084 ..
